@article{1Rafelski_Zaritsky2005,
       author = {{Rafelski}, Marc and {Zaritsky}, Dennis},
        title = "{The Star Clusters of the Small Magellanic Cloud: Age Distribution}",
      journal = {\aj},
     keywords = {Galaxies: Evolution, Galaxies: Individual: Name: Small Magellanic Cloud, Galaxies: Star Clusters, Galaxies: Magellanic Clouds, Astrophysics},
         year = 2005,
        month = jun,
       volume = {129},
       number = {6},
        pages = {2701-2713},
          doi = {10.1086/424938},
archivePrefix = {arXiv},
       eprint = {astro-ph/0408186},
 primaryClass = {astro-ph},
       adsurl = {https://ui.adsabs.harvard.edu/abs/2005AJ....129.2701R},
      adsnote = {Provided by the SAO/NASA Astrophysics Data System}
}

@ARTICLE{3Parmentier_de_Grijs_Gilmore2003,
       author = {{Parmentier}, Genevi{\`e}ve and {de Grijs}, Richard and {Gilmore}, Gerry},
        title = "{Chemical evolution of the M82 B fossil starburst}",
      journal = {\mnras},
     keywords = {galaxies: individual: M82, galaxies: starburst, galaxies: star clusters, Astrophysics},
         year = 2003,
        month = jun,
       volume = {342},
       number = {1},
        pages = {208-220},
          doi = {10.1046/j.1365-8711.2003.06530.x},
archivePrefix = {arXiv},
       eprint = {astro-ph/0302321},
 primaryClass = {astro-ph},
       adsurl = {https://ui.adsabs.harvard.edu/abs/2003MNRAS.342..208P},
      adsnote = {Provided by the SAO/NASA Astrophysics Data System}
}

@ARTICLE{4Boutloukos_Lamers2003,
       author = {{Boutloukos}, S.~G. and {Lamers}, H.~J.~G.~L.~M.},
        title = "{Star cluster formation and disruption time-scales - I. An empirical determination of the disruption time of star clusters in four galaxies}",
      journal = {\mnras},
     keywords = {open clusters and associations: general, solar neighbourhood, galaxies: individual: M33, galaxies: individual: M51, Magellanic Clouds, galaxies: star clusters, Astrophysics},
         year = 2003,
        month = jan,
       volume = {338},
       number = {3},
        pages = {717-732},
          doi = {10.1046/j.1365-8711.2003.06083.x},
archivePrefix = {arXiv},
       eprint = {astro-ph/0210595},
 primaryClass = {astro-ph},
       adsurl = {https://ui.adsabs.harvard.edu/abs/2003MNRAS.338..717B},
      adsnote = {Provided by the SAO/NASA Astrophysics Data System}
}

@INPROCEEDINGS{5Da_Costa2002,
       author = {{Da Costa}, G.~S.},
        title = "{The Star Cluster Systems of the Magellanic Clouds}",
     keywords = {Astrophysics},
    booktitle = {Extragalactic Star Clusters},
         year = 2002,
       editor = {{Geisler}, Douglas Paul and {Grebel}, Eva K. and {Minniti}, Dante},
       volume = {207},
        month = jan,
        pages = {83},
archivePrefix = {arXiv},
       eprint = {astro-ph/0106122},
 primaryClass = {astro-ph},
        series = {},
       adsurl = {https://ui.adsabs.harvard.edu/abs/2002IAUS..207...83D},
      adsnote = {Provided by the SAO/NASA Astrophysics Data System}
}

@article{11Bitsakis_et_al2018,
  TITLE = {{The Distribution and Ages of Star Clusters in the Small Magellanic Cloud: Constraints on the Interaction History of the Magellanic Clouds}},
  AUTHOR = {Bitsakis, Theodoros and Gonz{\'a}lez-L{\'o}pezlira, R. A and Bonfini, P. and Bruzual, G. and Maravelias, G. and Zaritsky, D. and Charlot, S. and Ram{\'i}rez-Siordia, V. H},
  URL = {https://hal.archives-ouvertes.fr/hal-02375232},
  JOURNAL = {{The Astrophysical Journal}},
  PUBLISHER = {{American Astronomical Society}},
  VOLUME = {853},
  NUMBER = {2},
  YEAR = {2018},
  MONTH = Feb,
  DOI = {10.3847/1538-4357/aaa244},
  PDF = {https://hal.archives-ouvertes.fr/hal-02375232/file/Bitsakis_2018_ApJ_853_104.pdf},
  HAL_ID = {hal-02375232},
  HAL_VERSION = {v1},
}

@ARTICLE{16Chiosi_et_al2006,
       author = {{Chiosi}, E. and {Vallenari}, A. and {Held}, E.~V. and {Rizzi}, L. and {Moretti}, A.},
        title = "{Age distribution of young clusters and field stars in the Small Magellanic Cloud}",
      journal = {\aap},
     keywords = {galaxies: Magellanic Clouds, galaxies: star clusters, galaxies: stellar content, Astrophysics},
         year = 2006,
        month = jun,
       volume = {452},
       number = {1},
        pages = {179-193},
          doi = {10.1051/0004-6361:20054559},
archivePrefix = {arXiv},
       eprint = {astro-ph/0604166},
 primaryClass = {astro-ph},
       adsurl = {https://ui.adsabs.harvard.edu/abs/2006A&A...452..179C},
      adsnote = {Provided by the SAO/NASA Astrophysics Data System}
}

@ARTICLE{17Bekki_Chiba2009,
       author = {{Bekki}, Kenji and {Chiba}, Masashi},
        title = "{Origin of Structural and Kinematic Properties of the Small Magellanic Cloud}",
      journal = {\pasa},
     keywords = {galaxies: Magellanic Clouds, galaxies: star clusters, galaxies: stellar content, galaxies: interactions, Astrophysics},
         year = 2009,
        month = apr,
       volume = {26},
       number = {1},
        pages = {48-68},
          doi = {10.1071/AS08020},
archivePrefix = {arXiv},
       eprint = {0806.4657},
 primaryClass = {astro-ph},
       adsurl = {https://ui.adsabs.harvard.edu/abs/2009PASA...26...48B},
      adsnote = {Provided by the SAO/NASA Astrophysics Data System}
}

@ARTICLE{18Olsen_et_al2011,
       author = {{Olsen}, Knut A.~G. and {Zaritsky}, Dennis and {Blum}, Robert D. and {Boyer}, Martha L. and {Gordon}, Karl D.},
        title = "{A Population of Accreted Small Magellanic Cloud Stars in the Large Magellanic Cloud}",
      journal = {\apj},
     keywords = {galaxies: interactions, galaxies: kinematics and dynamics, Magellanic Clouds, Astrophysics - Astrophysics of Galaxies},
         year = 2011,
        month = aug,
       volume = {737},
       number = {1},
          eid = {29},
        pages = {29},
          doi = {10.1088/0004-637X/737/1/29},
archivePrefix = {arXiv},
       eprint = {1106.0044},
 primaryClass = {astro-ph.GA},
       adsurl = {https://ui.adsabs.harvard.edu/abs/2011ApJ...737...29O},
      adsnote = {Provided by the SAO/NASA Astrophysics Data System}
}

@article{20Harris_Zaritsky2004,
   title={The Star Formation History of the Small Magellanic Cloud},
   volume={127},
   ISSN={1538-3881},
   url={http://dx.doi.org/10.1086/381953},
   DOI={10.1086/381953},
   number={3},
   journal={The Astronomical Journal},
   publisher={American Astronomical Society},
   author={Harris, Jason and Zaritsky, Dennis},
   year={2004},
   month={Mar},
   pages={1531â€“1544}
}

@ARTICLE{21Bergvall_Laurikainen_Aalto2003,
       author = {{Bergvall}, N. and {Laurikainen}, E. and {Aalto}, S.},
        title = "{Galaxy interactions - poor starburst triggers.  III. A study of a complete sample of interacting galaxies}",
      journal = {\aap},
     keywords = {galaxies: interactions, galaxies: evolution, galaxies: starburst, galaxies: halos, galaxies: stellar content},
         year = 2003,
        month = jul,
       volume = {405},
        pages = {31-52},
          doi = {10.1051/0004-6361:20030542},
       adsurl = {https://ui.adsabs.harvard.edu/abs/2003A&A...405...31B},
      adsnote = {Provided by the SAO/NASA Astrophysics Data System}
}

@ARTICLE{23Knapen_Querejeta2015,
       author = {{Knapen}, Johan and {Querejeta}, Miguel},
        title = "{Interactions, Starbursts, and Star Formation}",
      journal = {Galaxies},
         year = 2015,
        month = dec,
       volume = {3},
       number = {4},
        pages = {220-226},
          doi = {10.3390/galaxies3040220},
       adsurl = {https://ui.adsabs.harvard.edu/abs/2015Galax...3..220K},
      adsnote = {Provided by the SAO/NASA Astrophysics Data System}
}

@ARTICLE{24Zivick_et_al2019,
       author = {{Zivick}, Paul and {Kallivayalil}, Nitya and {Besla}, Gurtina and {Sohn}, Sangmo Tony and {van der Marel}, Roeland P. and {del Pino}, Andr{\'e}s and {Linden}, Sean T. and {Fritz}, Tobias K. and {Anderson}, J.},
        title = "{The Proper-motion Field along the Magellanic Bridge: A New Probe of the LMC-SMC Interaction}",
      journal = {\apj},
     keywords = {galaxies: kinematics and dynamics, Magellanic Clouds, Astrophysics - Astrophysics of Galaxies},
         year = 2019,
        month = mar,
       volume = {874},
       number = {1},
          eid = {78},
        pages = {78},
          doi = {10.3847/1538-4357/ab0554},
archivePrefix = {arXiv},
       eprint = {1811.09318},
 primaryClass = {astro-ph.GA},
       adsurl = {https://ui.adsabs.harvard.edu/abs/2019ApJ...874...78Z},
      adsnote = {Provided by the SAO/NASA Astrophysics Data System}
}



@INPROCEEDINGS{27Grebel_et_al1999,
       author = {{Grebel}, E.~K. and {Zaritsky}, D. and {Harris}, J. and {Thompson}, I.},
        title = "{Young Magellanic Cloud Clusters (< 1 Gyr): Census Properties, Star Formation History}",
    booktitle = {New Views of the Magellanic Clouds},
         year = 1999,
       editor = {{Chu}, Y. -H. and {Suntzeff}, N. and {Hesser}, J. and {Bohlender}, D.},
       volume = {190},
        month = jan,
        pages = {405},
        series = {},
       adsurl = {https://ui.adsabs.harvard.edu/abs/1999IAUS..190..405G},
      adsnote = {Provided by the SAO/NASA Astrophysics Data System}
}

@ARTICLE{29Bekki_Chiba2007,
       author = {{Bekki}, Kenji and {Chiba}, Masashi},
        title = "{Dynamical Influences of the Last Magellanic Interaction on the Magellanic Clouds}",
      journal = {\pasa},
     keywords = {galaxies: Magellanic Clouds, galaxies: star clusters, galaxies: stellar content, galaxies: interactions, Astrophysics},
         year = 2007,
        month = may,
       volume = {24},
       number = {1},
        pages = {21-29},
          doi = {10.1071/AS06023},
archivePrefix = {arXiv},
       eprint = {astro-ph/0603812},
 primaryClass = {astro-ph},
       adsurl = {https://ui.adsabs.harvard.edu/abs/2007PASA...24...21B},
      adsnote = {Provided by the SAO/NASA Astrophysics Data System}
}


@article{37Maji_et_al2017,
   title={The Formation and Evolution of Star Clusters in Interacting Galaxies},
   volume={844},
   ISSN={1538-4357},
   url={http://dx.doi.org/10.3847/1538-4357/aa7aa1},
   DOI={10.3847/1538-4357/aa7aa1},
   number={2},
   journal={The Astrophysical Journal},
   publisher={American Astronomical Society},
   author={Maji, Moupiya and Zhu, Qirong and Li, Yuexing and Charlton, Jane and Hernquist, Lars and Knebe, Alexander},
   year={2017},
   month={Jul},
   pages={108}
}

@ARTICLE{39Nayak_et_al2018,
       author = {{Nayak}, P.~K. and {Subramaniam}, A. and {Choudhury}, S. and {Sagar}, Ram},
        title = "{Star clusters in the Magellanic Clouds. II. Age-dating, classification, and spatio-temporal distribution of the SMC clusters}",
      journal = {\aap},
     keywords = {Magellanic Clouds, galaxies: star clusters: general, galaxies: star formation, Astrophysics - Astrophysics of Galaxies},
         year = 2018,
        month = sep,
       volume = {616},
          eid = {A187},
        pages = {A187},
          doi = {10.1051/0004-6361/201732227},
archivePrefix = {arXiv},
       eprint = {1804.00635},
 primaryClass = {astro-ph.GA},
       adsurl = {https://ui.adsabs.harvard.edu/abs/2018A&A...616A.187N},
      adsnote = {Provided by the SAO/NASA Astrophysics Data System}
}

@ARTICLE{40Glatt_Grebel_Koch2010,
       author = {{Glatt}, K. and {Grebel}, E.~K. and {Koch}, A.},
        title = "{Ages and luminosities of young SMC/LMC star clusters and the recent star formation history of the Clouds}",
      journal = {\aap},
     keywords = {Magellanic Clouds, galaxies: clusters: general, galaxies: evolution, Astrophysics - Astrophysics of Galaxies},
         year = 2010,
        month = jul,
       volume = {517},
          eid = {A50},
        pages = {A50},
          doi = {10.1051/0004-6361/201014187},
archivePrefix = {arXiv},
       eprint = {1004.1247},
 primaryClass = {astro-ph.GA},
       adsurl = {https://ui.adsabs.harvard.edu/abs/2010A&A...517A..50G},
      adsnote = {Provided by the SAO/NASA Astrophysics Data System}
}

@ARTICLE{52Piatti2021,
       author = {{Piatti}, Andr{\'e}s E.},
        title = "{On the structure of Small Magellanic Cloud star clusters}",
      journal = {arXiv e-prints},
     keywords = {Astrophysics - Astrophysics of Galaxies},
         year = 2021,
        month = jan,
          eid = {arXiv:2101.03157},
        pages = {arXiv:2101.03157},
archivePrefix = {arXiv},
       eprint = {2101.03157},
 primaryClass = {astro-ph.GA},
       adsurl = {https://ui.adsabs.harvard.edu/abs/2021arXiv210103157P},
      adsnote = {Provided by the SAO/NASA Astrophysics Data System}
}

@ARTICLE{53Piatti2020,
       author = {{Piatti}, Andr{\'e}s E.},
        title = "{Astrophysical properties of newly discovered Magellanic Cloud star clusters}",
      journal = {arXiv e-prints},
     keywords = {Astrophysics - Astrophysics of Galaxies},
         year = 2020,
        month = dec,
          eid = {arXiv:2012.12628},
        pages = {arXiv:2012.12628},
archivePrefix = {arXiv},
       eprint = {2012.12628},
 primaryClass = {astro-ph.GA},
       adsurl = {https://ui.adsabs.harvard.edu/abs/2020arXiv201212628P},
      adsnote = {Provided by the SAO/NASA Astrophysics Data System}
}

@INPROCEEDINGS{55Mackey2009,
       author = {{Mackey}, A.~D.},
        title = "{The star clusters of the Magellanic Clouds}",
     keywords = {Magellanic Clouds, galaxies: individual (Large Magellanic Cloud, Small Magellanic Cloud), galaxies: star clusters, galaxies: formation, galaxies: evolution},
    booktitle = {The Ages of Stars},
         year = 2009,
       editor = {{Mamajek}, Eric E. and {Soderblom}, David R. and {Wyse}, Rosemary F.~G.},
       volume = {258},
        month = jun,
        pages = {275-286},
          doi = {10.1017/S1743921309031925},
       adsurl = {https://ui.adsabs.harvard.edu/abs/2009IAUS..258..275M},
      adsnote = {Provided by the SAO/NASA Astrophysics Data System}
}

@ARTICLE{56Perren_Piatti_V2017,
       author = {{Perren}, G.~I. and {Piatti}, A.~E. and {V{\'a}zquez}, R.~A.},
        title = "{Astrophysical properties of star clusters in the Magellanic Clouds homogeneously estimated by ASteCA}",
      journal = {\aap},
     keywords = {galaxies: fundamental parameters, galaxies: star clusters: general, Magellanic Clouds, methods: statistical, catalogs, techniques: photometric, Astrophysics - Astrophysics of Galaxies},
         year = 2017,
        month = jun,
       volume = {602},
          eid = {A89},
        pages = {A89},
          doi = {10.1051/0004-6361/201629520},
archivePrefix = {arXiv},
       eprint = {1701.08640},
 primaryClass = {astro-ph.GA},
       adsurl = {https://ui.adsabs.harvard.edu/abs/2017A&A...602A..89P},
      adsnote = {Provided by the SAO/NASA Astrophysics Data System}
}

@ARTICLE{58Bica_et_al2008,
       author = {{Bica}, E. and {Bonatto}, C. and {Dutra}, C.~M. and {Santos}, J.~F.~C.},
        title = "{A general catalogue of extended objects in the Magellanic System}",
      journal = {\mnras},
     keywords = {Magellanic Clouds, Astrophysics},
         year = 2008,
        month = sep,
       volume = {389},
       number = {2},
        pages = {678-690},
          doi = {10.1111/j.1365-2966.2008.13612.x},
archivePrefix = {arXiv},
       eprint = {0806.3049},
 primaryClass = {astro-ph},
       adsurl = {https://ui.adsabs.harvard.edu/abs/2008MNRAS.389..678B},
      adsnote = {Provided by the SAO/NASA Astrophysics Data System}
}

@ARTICLE{64Piatti_et_al2008,
       author = {{Piatti}, Andr{\'e}s E. and {Geisler}, Doug and {Sarajedini}, Ata and {Gallart}, Carme and {Wischnjewsky}, Marina},
        title = "{Seven young star clusters in the inner region of the Small Magellanic Cloud}",
      journal = {\mnras},
     keywords = {techniques: photometric, galaxies: individual: SMC, Magellanic Clouds, galaxies: star clusters},
         year = 2008,
        month = sep,
       volume = {389},
       number = {1},
        pages = {429-440},
          doi = {10.1111/j.1365-2966.2008.13593.x},
       adsurl = {https://ui.adsabs.harvard.edu/abs/2008MNRAS.389..429P},
      adsnote = {Provided by the SAO/NASA Astrophysics Data System}
}

@ARTICLE{65Piatti_et_al2009,
       author = {{Piatti}, A.~E. and {Geisler}, D. and {Sarajedini}, A. and {Gallart}, C.},
        title = "{Washington photometry of five star clusters in the Large Magellanic Cloud}",
      journal = {\aap},
     keywords = {techniques: photometric, galaxies: individual: LMC, Magellanic, Clouds, galaxies: star clusters, stars: Hertzsprung-Russell (HR) and C-M diagrams},
         year = 2009,
        month = jul,
       volume = {501},
       number = {2},
        pages = {585-593},
          doi = {10.1051/0004-6361/200912223},
       adsurl = {https://ui.adsabs.harvard.edu/abs/2009A&A...501..585P},
      adsnote = {Provided by the SAO/NASA Astrophysics Data System}
}

@ARTICLE{66Bekki_et_al2004,
       author = {{Bekki}, Kenji and {Couch}, Warrick J. and {Beasley}, Michael A. and {Forbes}, Duncan A. and {Chiba}, Masashi and {Da Costa}, Gary S.},
        title = "{Explaining the Mysterious Age Gap of Globular Clusters in the Large Magellanic Cloud}",
      journal = {\apjl},
     keywords = {Galaxies: Interactions, Galaxies: Star Clusters, Galaxies: Stellar Content, Galaxies: Magellanic Clouds, Astrophysics},
         year = 2004,
        month = aug,
       volume = {610},
       number = {2},
        pages = {L93-L96},
          doi = {10.1086/423372},
archivePrefix = {arXiv},
       eprint = {astro-ph/0406443},
 primaryClass = {astro-ph},
       adsurl = {https://ui.adsabs.harvard.edu/abs/2004ApJ...610L..93B},
      adsnote = {Provided by the SAO/NASA Astrophysics Data System}
}

@INPROCEEDINGS{67Sawa_Fujimoto_Kumai1999,
       author = {{Sawa}, T. and {Fujimoto}, M. and {Kumai}, Y.},
        title = "{The Magellanic Stream and the History of the Tidal Interaction between the LMC and SMC}",
    booktitle = {New Views of the Magellanic Clouds},
         year = 1999,
       editor = {{Chu}, Y. -H. and {Suntzeff}, N. and {Hesser}, J. and {Bohlender}, D.},
       volume = {190},
        month = jan,
        pages = {499},
       adsurl = {https://ui.adsabs.harvard.edu/abs/1999IAUS..190..499S},
      adsnote = {Provided by the SAO/NASA Astrophysics Data System}
}



@ARTICLE{69Yoshizawa_Noguchi2003,
       author = {{Yoshizawa}, Akira M. and {Noguchi}, Masafumi},
        title = "{The dynamical evolution and star formation history of the Small Magellanic Cloud: effects of interactions with the Galaxy and the Large Magellanic Cloud}",
      journal = {\mnras},
     keywords = {methods: N-body simulations, galaxies: interactions, galaxies: ISM, Magellanic Clouds},
         year = 2003,
        month = mar,
       volume = {339},
       number = {4},
        pages = {1135-1154},
          doi = {10.1046/j.1365-8711.2003.06263.x},
       adsurl = {https://ui.adsabs.harvard.edu/abs/2003MNRAS.339.1135Y},
      adsnote = {Provided by the SAO/NASA Astrophysics Data System}
}

@ARTICLE{73Kumai_Basu_Fujimoto1993,
       author = {{Kumai}, Yasuki and {Basu}, Baidyanath and {Fujimoto}, Mitsuaki},
        title = "{Formation of Globular Clusters from Gas in Large-Scale Unorganized Motion in Galaxies}",
      journal = {\apj},
     keywords = {Globular Clusters, Interstellar Gas, Magellanic Clouds, Milky Way Galaxy, Stellar Evolution, Abundance, Andromeda Galaxy, Computational Astrophysics, Dynamical Systems, Gravitational Effects, Stellar Mass, Astrophysics, GALAXY: GLOBULAR CLUSTERS: GENERAL, ISM: GENERAL, GALAXIES: MAGELLANIC CLOUDS, STARS: FORMATION},
         year = 1993,
        month = feb,
       volume = {404},
        pages = {144},
          doi = {10.1086/172265},
       adsurl = {https://ui.adsabs.harvard.edu/abs/1993ApJ...404..144K},
      adsnote = {Provided by the SAO/NASA Astrophysics Data System}
}

@ARTICLE{78Murai_Fujimoto1980,
       author = {{Murai}, T. and {Fujimoto}, M.},
        title = "{The Magellanic stream and the galaxy with a massive halo.}",
      journal = {\pasj},
         year = 1980,
        month = jan,
       volume = {32},
        pages = {581-603},
       adsurl = {https://ui.adsabs.harvard.edu/abs/1980PASJ...32..581M},
      adsnote = {Provided by the SAO/NASA Astrophysics Data System}
}

@ARTICLE{79Bekki_et_al2004,
       author = {{Bekki}, Kenji and {Beasley}, Michael A. and {Forbes}, Duncan A. and {Couch}, Warrick J.},
        title = "{Formation of Star Clusters in the Large Magellanic Cloud and Small Magellanic Cloud. I. Preliminary Results on Cluster Formation from Colliding Gas Clouds}",
      journal = {\apj},
     keywords = {Galaxies: Interactions, Galaxies: Star Clusters, Galaxies: Magellanic Clouds, Astrophysics},
         year = 2004,
        month = feb,
       volume = {602},
       number = {2},
        pages = {730-737},
          doi = {10.1086/381171},
archivePrefix = {arXiv},
       eprint = {astro-ph/0312112},
 primaryClass = {astro-ph},
       adsurl = {https://ui.adsabs.harvard.edu/abs/2004ApJ...602..730B},
      adsnote = {Provided by the SAO/NASA Astrophysics Data System}
}

@ARTICLE{84Piatti2020,
       author = {{Piatti}, Andr{\'e}s E.},
        title = "{Astrophysical properties of newly discovered Magellanic Cloud star clusters}",
      journal = {arXiv e-prints},
     keywords = {Astrophysics - Astrophysics of Galaxies},
         year = 2020,
        month = dec,
          eid = {arXiv:2012.12628},
        pages = {arXiv:2012.12628},
archivePrefix = {arXiv},
       eprint = {2012.12628},
 primaryClass = {astro-ph.GA},
       adsurl = {https://ui.adsabs.harvard.edu/abs/2020arXiv201212628P},
      adsnote = {Provided by the SAO/NASA Astrophysics Data System}
}

@ARTICLE{85Hill_Zaritsky2006,
       author = {{Hill}, Andrew and {Zaritsky}, Dennis},
        title = "{The Star Clusters of the Small Magellanic Cloud: Structural Parameters}",
      journal = {\aj},
     keywords = {Galaxies: Individual: Name: Small Magellanic Cloud, Galaxies: Star Clusters, Galaxy: Globular Clusters: General, Galaxies: Magellanic Clouds, Astrophysics},
         year = 2006,
        month = jan,
       volume = {131},
       number = {1},
        pages = {414-430},
          doi = {10.1086/498647},
archivePrefix = {arXiv},
       eprint = {astro-ph/0510005},
 primaryClass = {astro-ph},
       adsurl = {https://ui.adsabs.harvard.edu/abs/2006AJ....131..414H},
      adsnote = {Provided by the SAO/NASA Astrophysics Data System}
}

@ARTICLE{89Pardy_DOnghia_Fox2018,
       author = {{Pardy}, Stephen A. and {D'Onghia}, Elena and {Fox}, Andrew J.},
        title = "{Models of Tidally Induced Gas Filaments in the Magellanic Stream}",
      journal = {\apj},
     keywords = {galaxies: dwarf, galaxies: interactions, Magellanic Clouds, Astrophysics - Astrophysics of Galaxies},
         year = 2018,
        month = apr,
       volume = {857},
       number = {2},
          eid = {101},
        pages = {101},
          doi = {10.3847/1538-4357/aab95b},
archivePrefix = {arXiv},
       eprint = {1802.01600},
 primaryClass = {astro-ph.GA},
       adsurl = {https://ui.adsabs.harvard.edu/abs/2018ApJ...857..101P},
      adsnote = {Provided by the SAO/NASA Astrophysics Data System}
}



@article{K1_Bekki_Stanimirovic2009,
author = {Bekki, Kenji and StanimiroviÄ‡, SneÅ¾ana},
year = {2009},
month = {03},
pages = {342 - 350},
title = {The total mass and dark halo properties of the Small Magellanic Cloud},
volume = {395},
journal = {Monthly Notices of the Royal Astronomical Society},
doi = {10.1111/j.1365-2966.2009.14514.x}
}

@article{K2_Bekki_Chiba2008,
   title={Formation of the Small Magellanic Cloud: An Ancient Major Merger as a Solution to the Kinematical Differences between Old Stars and H
                    i
                    Gas},
   volume={679},
   ISSN={1538-4357},
   url={http://dx.doi.org/10.1086/589441},
   DOI={10.1086/589441},
   number={2},
   journal={The Astrophysical Journal},
   publisher={American Astronomical Society},
   author={Bekki, Kenji and Chiba, Masashi},
   year={2008},
   month={May},
   pages={L89â€“L92}
}

@article{K3_Diaz_Bekki2012,
   title={THE TIDAL ORIGIN OF THE MAGELLANIC STREAM AND THE POSSIBILITY OF A STELLAR COUNTERPART},
   volume={750},
   ISSN={1538-4357},
   url={http://dx.doi.org/10.1088/0004-637X/750/1/36},
   DOI={10.1088/0004-637x/750/1/36},
   number={1},
   journal={The Astrophysical Journal},
   publisher={American Astronomical Society},
   author={Diaz, Jonathan D. and Bekki, Kenji},
   year={2012},
   month={Apr},
   pages={36}
}

@ARTICLE{K4_Navarro_Frenk_White1996,
       author = {{Navarro}, Julio F. and {Frenk}, Carlos S. and {White}, Simon D.~M.},
        title = "{The Structure of Cold Dark Matter Halos}",
      journal = {\apj},
     keywords = {COSMOLOGY: THEORY, COSMOLOGY: DARK MATTER, GALAXIES: HALOS, METHODS: NUMERICAL, Astrophysics},
         year = 1996,
        month = may,
       volume = {462},
        pages = {563},
          doi = {10.1086/177173},
archivePrefix = {arXiv},
       eprint = {astro-ph/9508025},
 primaryClass = {astro-ph},
       adsurl = {https://ui.adsabs.harvard.edu/abs/1996ApJ...462..563N},
      adsnote = {Provided by the SAO/NASA Astrophysics Data System}
}

@article{K5_Bekki2013,
   title={Coevolution of dust, gas and stars in galaxies â€“ I. Spatial distributions and scaling-relations of dust and molecular hydrogen},
   volume={432},
   ISSN={0035-8711},
   url={http://dx.doi.org/10.1093/mnras/stt589},
   DOI={10.1093/mnras/stt589},
   number={3},
   journal={Monthly Notices of the Royal Astronomical Society},
   publisher={Oxford University Press (OUP)},
   author={Bekki, Kenji},
   year={2013},
   month={May},
   pages={2298â€“2323}
}

@article{K6_Bekki2015,
   title={Dust-regulated galaxy formation and evolution: a new chemodynamical model with live dust particles},
   volume={449},
   ISSN={0035-8711},
   url={http://dx.doi.org/10.1093/mnras/stv165},
   DOI={10.1093/mnras/stv165},
   number={2},
   journal={Monthly Notices of the Royal Astronomical Society},
   publisher={Oxford University Press (OUP)},
   author={Bekki, Kenji},
   year={2015},
   month={Mar},
   pages={1625â€“1649}
}

@ARTICLE{K7_Kennicutt1998,
       author = {{Kennicutt}, Robert C., Jr.},
        title = "{The Global Schmidt Law in Star-forming Galaxies}",
      journal = {\apj},
     keywords = {GALAXIES: EVOLUTION, GALAXIES: ISM, GALAXIES: SPIRAL, GALAXIES: STELLAR CONTENT, GALAXIES: STARBURST, STARS: FORMATION, Galaxies: Evolution, Galaxies: ISM, Galaxies: Spiral, Galaxies: Starburst, Galaxies: Stellar Content, Stars: Formation, Astrophysics},
         year = 1998,
        month = may,
       volume = {498},
       number = {2},
        pages = {541-552},
          doi = {10.1086/305588},
archivePrefix = {arXiv},
       eprint = {astro-ph/9712213},
 primaryClass = {astro-ph},
       adsurl = {https://ui.adsabs.harvard.edu/abs/1998ApJ...498..541K},
      adsnote = {Provided by the SAO/NASA Astrophysics Data System}
}

@ARTICLE{K8_Tsujimoto_et_al1995,
       author = {{Tsujimoto}, T. and {Nomoto}, K. and {Yoshii}, Y. and {Hashimoto}, M. and {Yanagida}, S. and {Thielemann}, F. -K.},
        title = "{Relative frequencies of Type Ia and Type II supernovae in the chemical evolution of the Galaxy, LMC and SMC}",
      journal = {\mnras},
     keywords = {SUPERNOVAE: GENERAL, GALAXIES: ABUNDANCES, GALAXIES: EVOLUTION, MAGELLANIC CLOUDS},
         year = 1995,
        month = dec,
       volume = {277},
       number = {3},
        pages = {945-958},
          doi = {10.1093/mnras/277.3.945},
       adsurl = {https://ui.adsabs.harvard.edu/abs/1995MNRAS.277..945T},
      adsnote = {Provided by the SAO/NASA Astrophysics Data System}
}

@ARTICLE{K9_Van_den_hoek_Groenewegen1997,
       author = {{van den Hoek}, L.~B. and {Groenewegen}, M.~A.~T.},
        title = "{New theoretical yields of intermediate mass stars}",
      journal = {\aaps},
     keywords = {STARS: ABUNDANCES, EVOLUTION, AGB, ISM: ABUNDANCES, GALAXIES: ABUNDANCES},
         year = 1997,
        month = jun,
       volume = {123},
        pages = {305-328},
          doi = {10.1051/aas:1997162},
       adsurl = {https://ui.adsabs.harvard.edu/abs/1997A&AS..123..305V},
      adsnote = {Provided by the SAO/NASA Astrophysics Data System}
}

@article{K10_Osman_Bekki_Cortese2020,
   title={The role of dust destruction and dust growth in the evolution of the interstellar medium},
   volume={497},
   ISSN={1365-2966},
   url={http://dx.doi.org/10.1093/mnras/staa1554},
   DOI={10.1093/mnras/staa1554},
   number={2},
   journal={Monthly Notices of the Royal Astronomical Society},
   publisher={Oxford University Press (OUP)},
   author={Osman, Omima and Bekki, Kenji and Cortese, Luca},
   year={2020},
   month={Jun},
   pages={2002â€“2017}
}

@BOOK{K11_Westerlund1997,
       author = {{Westerlund}, Bengt E.},
        title = "{The Magellanic Clouds}",
         year = 1997,
         publisher = {},
       adsurl = {https://ui.adsabs.harvard.edu/abs/1997macl.book.....W},
      adsnote = {Provided by the SAO/NASA Astrophysics Data System}
}

@ARTICLE{K12_Weinberg2000,
       author = {{Weinberg}, Martin D.},
        title = "{Effect of the Milky Way on Magellanic Cloud Structure}",
      journal = {\apj},
     keywords = {CELESTIAL MECHANICS, STELLAR DYNAMICS, GALAXIES: EVOLUTION, GALAXIES: INTERACTIONS, GALAXIES: STRUCTURE, GALAXIES: MAGELLANIC CLOUDS, METHODS: N-BODY SIMULATIONS, Astrophysics},
         year = 2000,
        month = apr,
       volume = {532},
       number = {2},
        pages = {922-935},
          doi = {10.1086/308600},
archivePrefix = {arXiv},
       eprint = {astro-ph/9905305},
 primaryClass = {astro-ph},
       adsurl = {https://ui.adsabs.harvard.edu/abs/2000ApJ...532..922W},
      adsnote = {Provided by the SAO/NASA Astrophysics Data System}
}

@ARTICLE{K13_Besla_et_al2012,
       author = {{Besla}, Gurtina and {Kallivayalil}, Nitya and {Hernquist}, Lars and {van der Marel}, Roeland P. and {Cox}, T.~J. and {Kere{\v{s}}}, Du{\v{s}}an},
        title = "{The role of dwarf galaxy interactions in shaping the Magellanic System and implications for Magellanic Irregulars}",
      journal = {\mnras},
     keywords = {galaxies: evolution, galaxies: interactions, galaxies: irregular, galaxies: kinematics and dynamics, Magellanic Clouds, Astrophysics - Astrophysics of Galaxies},
         year = 2012,
        month = apr,
       volume = {421},
       number = {3},
        pages = {2109-2138},
          doi = {10.1111/j.1365-2966.2012.20466.x},
archivePrefix = {arXiv},
       eprint = {1201.1299},
 primaryClass = {astro-ph.GA},
       adsurl = {https://ui.adsabs.harvard.edu/abs/2012MNRAS.421.2109B},
      adsnote = {Provided by the SAO/NASA Astrophysics Data System}
}

@INPROCEEDINGS{K14_Da_Costa1991,
       author = {{Da Costa}, G.~S.},
        title = "{The Age-Abundance Relations and Age Distributions for the Star Clusters of the Magellanic Clouds}",
    booktitle = {The Magellanic Clouds},
         year = 1991,
       editor = {{Haynes}, Raymond and {Milne}, Douglas},
       volume = {148},
        month = jan,
        pages = {183},
        series = {},
       adsurl = {https://ui.adsabs.harvard.edu/abs/1991IAUS..148..183D},
      adsnote = {Provided by the SAO/NASA Astrophysics Data System}
}

@ARTICLE{K15_Gardiner_Noguchi1996,
       author = {{Gardiner}, Lance T. and {Noguchi}, Masafumi},
        title = "{N-body simulations of the Small Magellanic Cloud and the Magellanic Stream}",
      journal = {\mnras},
     keywords = {METHODS: NUMERICAL, GALAXIES: INTERACTIONS, GALAXIES: KINEMATICS AND DYNAMICS, MAGELLANIC CLOUDS, GALAXIES: STRUCTURE, Astrophysics},
         year = 1996,
        month = jan,
       volume = {278},
       number = {1},
        pages = {191-208},
          doi = {10.1093/mnras/278.1.191},
archivePrefix = {arXiv},
       eprint = {astro-ph/9503095},
 primaryClass = {astro-ph},
       adsurl = {https://ui.adsabs.harvard.edu/abs/1996MNRAS.278..191G},
      adsnote = {Provided by the SAO/NASA Astrophysics Data System}
}

@ARTICLE{K16_Mastropietro_Burkert_Moore2009,
       author = {{Mastropietro}, Chiara and {Burkert}, Andreas and {Moore}, Ben},
        title = "{Effects of ram pressure on the gas distribution and star formation in the Large Magellanic Cloud}",
      journal = {\mnras},
     keywords = {hydrodynamics, methods: N-body simulations, galaxies: individual: LMC, galaxies: interactions, Astrophysics - Cosmology and Nongalactic Astrophysics},
         year = 2009,
        month = nov,
       volume = {399},
       number = {4},
        pages = {2004-2020},
          doi = {10.1111/j.1365-2966.2009.15406.x},
archivePrefix = {arXiv},
       eprint = {0905.1126},
 primaryClass = {astro-ph.CO},
       adsurl = {https://ui.adsabs.harvard.edu/abs/2009MNRAS.399.2004M},
      adsnote = {Provided by the SAO/NASA Astrophysics Data System}
}

@ARTICLE{K17_Miyamoto_Nagai1975,
       author = {{Miyamoto}, M. and {Nagai}, R.},
        title = "{Three-dimensional models for the distribution of mass in galaxies.}",
      journal = {\pasj},
     keywords = {Astronomical Models, Density Distribution, Galactic Structure, Mass Distribution, Potential Theory, Three Dimensional Models, Functions (Mathematics), Globular Clusters, Gravitational Effects, Mathematical Models, Milky Way Galaxy, Astrophysics},
         year = 1975,
        month = jan,
       volume = {27},
        pages = {533-543},
       adsurl = {https://ui.adsabs.harvard.edu/abs/1975PASJ...27..533M},
      adsnote = {Provided by the SAO/NASA Astrophysics Data System}
}

@ARTICLE{K18_Mackey_et_al2013,
       author = {{Mackey}, A.~D. and {Da Costa}, G.~S. and {Ferguson}, A.~M.~N. and {Yong}, D.},
        title = "{A VLT/FLAMES Study of the Peculiar Intermediate-age Large Magellanic Cloud Star Cluster NGC 1846. I. Kinematics}",
      journal = {\apj},
     keywords = {globular clusters: individual: NGC 1846, Magellanic Clouds, stars: kinematics and dynamics, Astrophysics - Astrophysics of Galaxies},
         year = 2013,
        month = jan,
       volume = {762},
       number = {1},
          eid = {65},
        pages = {65},
          doi = {10.1088/0004-637X/762/1/65},
archivePrefix = {arXiv},
       eprint = {1211.3146},
 primaryClass = {astro-ph.GA},
       adsurl = {https://ui.adsabs.harvard.edu/abs/2013ApJ...762...65M},
      adsnote = {Provided by the SAO/NASA Astrophysics Data System}
}

@ARTICLE{K19_Keller_Mackey_Da_Costa2011,
       author = {{Keller}, Stefan C. and {Mackey}, A. Dougal and {Da Costa}, Gary S.},
        title = "{The Extended Main-sequence Turnoff Clusters of the Large Magellanic Cloud{\textemdash}Missing Links in Globular Cluster Evolution}",
      journal = {\apj},
     keywords = {galaxies: star clusters: general, globular clusters: general, Hertzsprung-Russell and C-M diagrams, Magellanic Clouds, Astrophysics - Astrophysics of Galaxies},
         year = 2011,
        month = apr,
       volume = {731},
       number = {1},
          eid = {22},
        pages = {22},
          doi = {10.1088/0004-637X/731/1/22},
archivePrefix = {arXiv},
       eprint = {1102.1723},
 primaryClass = {astro-ph.GA},
       adsurl = {https://ui.adsabs.harvard.edu/abs/2011ApJ...731...22K},
      adsnote = {Provided by the SAO/NASA Astrophysics Data System}
}

@article{K20_Bianchini_et_al2018,
   title={The internal rotation of globular clusters revealed by Gaia DR2},
   volume={481},
   ISSN={1365-2966},
   url={http://dx.doi.org/10.1093/mnras/sty2365},
   DOI={10.1093/mnras/sty2365},
   number={2},
   journal={Monthly Notices of the Royal Astronomical Society},
   publisher={Oxford University Press (OUP)},
   author={Bianchini, P and van derÂ Marel, R P and del Pino, A and Watkins, L L and Bellini, A and Fardal, M A and Libralato, M and Sills, A},
   year={2018},
   month={Aug},
   pages={2125â€“2139}
}

@ARTICLE{K21_Barth_et_al2020,
       author = {{Barth}, Nicholas A. and {Gerber}, Jeffrey M. and {Boberg}, Owen M. and {Friel}, Eileen D. and {Vesperini}, Enrico},
        title = "{Internal kinematics of M10 and M71}",
      journal = {\mnras},
     keywords = {stars: kinematics and dynamics, globular clusters: general, globular clusters: individual (M10-M71), Astrophysics - Solar and Stellar Astrophysics, Astrophysics - Astrophysics of Galaxies},
         year = 2020,
        month = may,
       volume = {494},
       number = {3},
        pages = {4548-4557},
          doi = {10.1093/mnras/staa1019},
archivePrefix = {arXiv},
       eprint = {2004.07305},
 primaryClass = {astro-ph.SR},
       adsurl = {https://ui.adsabs.harvard.edu/abs/2020MNRAS.494.4548B},
      adsnote = {Provided by the SAO/NASA Astrophysics Data System}
}

@ARTICLE{K22_Choudhury_et_al2018,
       author = {{Choudhury}, S. and {Subramaniam}, A. and {Cole}, A.~A. and {Sohn}, Y. -J.},
        title = "{Photometric metallicity map of the Small Magellanic Cloud}",
      journal = {\mnras},
     keywords = {stars: abundances, Hertzsprung-Russell and colour-magnitude diagrams, galaxies: abundances, Local Group, Magellanic Clouds, Astrophysics - Astrophysics of Galaxies},
         year = 2018,
        month = apr,
       volume = {475},
       number = {4},
        pages = {4279-4297},
          doi = {10.1093/mnras/sty087},
archivePrefix = {arXiv},
       eprint = {1801.03403},
 primaryClass = {astro-ph.GA},
       adsurl = {https://ui.adsabs.harvard.edu/abs/2018MNRAS.475.4279C},
      adsnote = {Provided by the SAO/NASA Astrophysics Data System}
}

@ARTICLE{K23_McKenzie_Bekki2021,
       author = {{McKenzie}, Madeleine and {Bekki}, Kenji},
        title = "{Simulations of globular clusters within their parent galaxies: multiple stellar populations and internal kinematics}",
      journal = {\mnras},
     keywords = {hydrodynamics, methods: numerical, galaxies: star clusters: general, galaxies: star formation, Astrophysics - Astrophysics of Galaxies},
         year = 2021,
        month = jan,
       volume = {500},
       number = {4},
        pages = {4578-4596},
          doi = {10.1093/mnras/staa3376},
archivePrefix = {arXiv},
       eprint = {2101.02348},
 primaryClass = {astro-ph.GA},
       adsurl = {https://ui.adsabs.harvard.edu/abs/2021MNRAS.500.4578M},
      adsnote = {Provided by the SAO/NASA Astrophysics Data System}
}

@ARTICLE{K24_Kamann_et_al2020,
       author = {{Kamann}, S. and {Dalessandro}, E. and {Bastian}, N. and {Brinchmann}, J. and {den Brok}, M. and {Dreizler}, S. and {Giesers}, B. and {G{\"o}ttgens}, F. and {Husser}, T. -O. and {Krajnovi{\'c}}, D. and {van de Ven}, G. and {Watkins}, L.~L. and {Wisotzki}, L.},
        title = "{The peculiar kinematics of the multiple populations in the globular cluster Messier 80 (NGC 6093)}",
      journal = {\mnras},
     keywords = {stars: abundances, stars: kinematics and dynamics, globular clusters: individual: M80, Astrophysics - Solar and Stellar Astrophysics, Astrophysics - Astrophysics of Galaxies},
         year = 2020,
        month = feb,
       volume = {492},
       number = {1},
        pages = {966-977},
          doi = {10.1093/mnras/stz3506},
archivePrefix = {arXiv},
       eprint = {1912.06158},
 primaryClass = {astro-ph.SR},
       adsurl = {https://ui.adsabs.harvard.edu/abs/2020MNRAS.492..966K},
      adsnote = {Provided by the SAO/NASA Astrophysics Data System}
}

@ARTICLE{K25_Szigeti_et_al2021,
       author = {{Szigeti}, L{\'a}szl{\'o} and {M{\'e}sz{\'a}ros}, Szabolcs and {Szab{\'o}}, Gyula M. and {Fern{\'a}ndez-Trincado}, Jos{\'e} G. and {Lane}, Richard R. and {Cohen}, Roger E.},
        title = "{The rotation of selected globular clusters and the differential rotation of M3 in multiple populations from the SDSS-IV APOGEE-2 survey}",
      journal = {\mnras},
     keywords = {globular clusters: general, stars: population II, Astrophysics - Astrophysics of Galaxies, Astrophysics - Solar and Stellar Astrophysics},
         year = 2021,
        month = jun,
       volume = {504},
       number = {1},
        pages = {1144-1151},
          doi = {10.1093/mnras/stab1007},
archivePrefix = {arXiv},
       eprint = {2104.04524},
 primaryClass = {astro-ph.GA},
       adsurl = {https://ui.adsabs.harvard.edu/abs/2021MNRAS.504.1144S},
      adsnote = {Provided by the SAO/NASA Astrophysics Data System}
}

@ARTICLE{K26_Bekki2010,
       author = {{Bekki}, Kenji},
        title = "{Rotation and Multiple Stellar Population in Globular Clusters}",
      journal = {\apjl},
     keywords = {galaxies: star clusters: general, galaxies: star clusters: individual: NGC 2808 {\ensuremath{\omega}} Centauri, stars: chemically peculiar, Astrophysics - Cosmology and Nongalactic Astrophysics, Astrophysics - Astrophysics of Galaxies},
         year = 2010,
        month = nov,
       volume = {724},
       number = {1},
        pages = {L99-L103},
          doi = {10.1088/2041-8205/724/1/L99},
archivePrefix = {arXiv},
       eprint = {1010.3841},
 primaryClass = {astro-ph.CO},
       adsurl = {https://ui.adsabs.harvard.edu/abs/2010ApJ...724L..99B},
      adsnote = {Provided by the SAO/NASA Astrophysics Data System}
}

@ARTICLE{K27_Bekki2019,
       author = {{Bekki}, K.},
        title = "{Formation of globular clusters with multiple stellar populations from massive gas clumps in high-z gas-rich dwarf galaxies}",
      journal = {\aap},
     keywords = {galaxies: star clusters: general, galaxies: evolution, stars: formation},
         year = 2019,
        month = feb,
       volume = {622},
          eid = {A53},
        pages = {A53},
          doi = {10.1051/0004-6361/201629898},
       adsurl = {https://ui.adsabs.harvard.edu/abs/2019A&A...622A..53B},
      adsnote = {Provided by the SAO/NASA Astrophysics Data System}
}

@ARTICLE{K28_Mapelli2017,
       author = {{Mapelli}, Michela},
        title = "{Rotation in young massive star clusters}",
      journal = {\mnras},
     keywords = {methods: numerical, stars: kinematics and dynamics, ISM: clouds, ISM: kinematics and dynamics, galaxies: star clusters: general, Astrophysics - Astrophysics of Galaxies, Astrophysics - Solar and Stellar Astrophysics},
         year = 2017,
        month = may,
       volume = {467},
       number = {3},
        pages = {3255-3267},
          doi = {10.1093/mnras/stx304},
archivePrefix = {arXiv},
       eprint = {1702.00415},
 primaryClass = {astro-ph.GA},
       adsurl = {https://ui.adsabs.harvard.edu/abs/2017MNRAS.467.3255M},
      adsnote = {Provided by the SAO/NASA Astrophysics Data System}
}

@ARTICLE{K29_Mastrobuono_Battisti_Perets2016,
       author = {{Mastrobuono-Battisti}, Alessandra and {Perets}, Hagai B.},
        title = "{Second-generation Stellar Disks in Dense Star Clusters and Cluster Ellipticities}",
      journal = {\apj},
     keywords = {galaxies: nuclei, Galaxy: disk, globular clusters: individual: Centauri, methods: numerical, Astrophysics - Astrophysics of Galaxies},
         year = 2016,
        month = may,
       volume = {823},
       number = {1},
          eid = {61},
        pages = {61},
          doi = {10.3847/0004-637X/823/1/61},
archivePrefix = {arXiv},
       eprint = {1506.08198},
 primaryClass = {astro-ph.GA},
       adsurl = {https://ui.adsabs.harvard.edu/abs/2016ApJ...823...61M},
      adsnote = {Provided by the SAO/NASA Astrophysics Data System}
}

@ARTICLE{K30_Vesperini_et_al2021,
       author = {{Vesperini}, Enrico and {Hong}, Jongsuk and {Giersz}, Mirek and {Hypki}, Arkadiusz},
        title = "{Dynamical evolution of multiple-population globular clusters}",
      journal = {\mnras},
     keywords = {stars: chemically peculiar, stars: kinematics and dynamics, globular clusters: general, Astrophysics - Astrophysics of Galaxies},
         year = 2021,
        month = apr,
       volume = {502},
       number = {3},
        pages = {4290-4304},
          doi = {10.1093/mnras/stab223},
archivePrefix = {arXiv},
       eprint = {2102.01717},
 primaryClass = {astro-ph.GA},
       adsurl = {https://ui.adsabs.harvard.edu/abs/2021MNRAS.502.4290V},
      adsnote = {Provided by the SAO/NASA Astrophysics Data System}
}

@ARTICLE{K31Elson_Fall_Freeman1987,
       author = {{Elson}, Rebecca A.~W. and {Fall}, S. Michael and {Freeman}, Kenneth C.},
        title = "{The Structure of Young Star Clusters in the Large Magellanic Cloud}",
      journal = {\apj},
     keywords = {Globular Clusters, Magellanic Clouds, Mass To Light Ratios, Star Distribution, Stellar Evolution, Stellar Luminosity, Mass Distribution, Star Formation, Stellar Motions, Stellar Spectrophotometry, Velocity Distribution, Astrophysics, GALAXIES: MAGELLANIC CLOUDS, CLUSTERS: GLOBULAR, STARS: FORMATION, STARS: STELLAR DYNAMICS},
         year = 1987,
        month = dec,
       volume = {323},
        pages = {54},
          doi = {10.1086/165807},
       adsurl = {https://ui.adsabs.harvard.edu/abs/1987ApJ...323...54E},
      adsnote = {Provided by the SAO/NASA Astrophysics Data System}
}

@ARTICLE{K32_Bekki_Mackey2009,
       author = {{Bekki}, Kenji and {Mackey}, A.~D.},
        title = "{On the origin of double main-sequence turn-offs in star clusters of the Magellanic Clouds}",
      journal = {\mnras},
     keywords = {galaxies: kinematics and dynamics, Magellanic Clouds, galaxies: star clusters, Astrophysics},
         year = 2009,
        month = mar,
       volume = {394},
       number = {1},
        pages = {124-132},
          doi = {10.1111/j.1365-2966.2008.14320.x},
archivePrefix = {arXiv},
       eprint = {0812.0631},
 primaryClass = {astro-ph},
       adsurl = {https://ui.adsabs.harvard.edu/abs/2009MNRAS.394..124B},
      adsnote = {Provided by the SAO/NASA Astrophysics Data System}
}

@ARTICLE{K33_Armstrong_et_al2018,
       author = {{Armstrong}, B. and {For}, B. -Q. and {Bekki}, K.},
        title = "{Formation of star clusters with extended main-sequence turn-offs in the Magellanic Clouds: the origin of young stellar objects in older clusters}",
      journal = {\mnras},
     keywords = {galaxies: star clusters: general, galaxies: star formation, galaxies: stellar content},
         year = 2018,
        month = dec,
       volume = {481},
       number = {3},
        pages = {3651-3660},
          doi = {10.1093/mnras/sty2445},
       adsurl = {https://ui.adsabs.harvard.edu/abs/2018MNRAS.481.3651A},
      adsnote = {Provided by the SAO/NASA Astrophysics Data System}
}

@ARTICLE{K34_McKenzie_Bekki2018,
       author = {{McKenzie}, M. and {Bekki}, K.},
        title = "{A new model for the multiple stellar populations within Terzan 5}",
      journal = {\mnras},
     keywords = {stars: early-type, stars: formation, galaxies: star clusters: general, Astrophysics - Astrophysics of Galaxies},
         year = 2018,
        month = sep,
       volume = {479},
       number = {3},
        pages = {3126-3141},
          doi = {10.1093/mnras/sty1557},
archivePrefix = {arXiv},
       eprint = {1806.04824},
 primaryClass = {astro-ph.GA},
       adsurl = {https://ui.adsabs.harvard.edu/abs/2018MNRAS.479.3126M},
      adsnote = {Provided by the SAO/NASA Astrophysics Data System}
}

@ARTICLE{K35_Bekki_Chiba2007,
       author = {{Bekki}, Kenji and {Chiba}, Masashi},
        title = "{The Magellanic squall: gas replenishment from the Small to the Large Magellanic Cloud}",
      journal = {\mnras},
     keywords = {galaxies: haloes, galaxies: kinematics and dynamics, Magellanic Clouds, galaxies: star clusters, galaxies: structure, Astrophysics},
         year = 2007,
        month = oct,
       volume = {381},
       number = {1},
        pages = {L16-L20},
          doi = {10.1111/j.1745-3933.2007.00357.x},
archivePrefix = {arXiv},
       eprint = {0706.3780},
 primaryClass = {astro-ph},
       adsurl = {https://ui.adsabs.harvard.edu/abs/2007MNRAS.381L..16B},
      adsnote = {Provided by the SAO/NASA Astrophysics Data System}
}

@ARTICLE{K36_Tsuge_et_al2019,
       author = {{Tsuge}, Kisetsu and {Sano}, Hidetoshi and {Tachihara}, Kengo and {Yozin}, Cameron and {Bekki}, Kenji and {Inoue}, Tsuyoshi and {Mizuno}, Norikazu and {Kawamura}, Akiko and {Onishi}, Toshikazu and {Fukui}, Yasuo},
        title = "{Formation of the Active Star-forming Region LHA 120-N 44 Triggered by Tidally Driven Colliding H I Flows}",
      journal = {\apj},
     keywords = {galaxies: ISM, galaxies: star formation, HII regions, ISM: atoms, Magellanic Clouds, stars: massive, Astrophysics - Astrophysics of Galaxies},
         year = 2019,
        month = jan,
       volume = {871},
       number = {1},
          eid = {44},
        pages = {44},
          doi = {10.3847/1538-4357/aaf4fb},
archivePrefix = {arXiv},
       eprint = {1803.00713},
 primaryClass = {astro-ph.GA},
       adsurl = {https://ui.adsabs.harvard.edu/abs/2019ApJ...871...44T},
      adsnote = {Provided by the SAO/NASA Astrophysics Data System}
}

@INPROCEEDINGS{K37_Parisi_et_al2015,
       author = {{Parisi}, M.~C. and {Geisler}, D. and {Carraro}, G. and {Villanova}, S. and {Clari{\'a}}, J.~J. and {Costa}, E. and {Oddone}, M. and {Marcionni}, N. and {Grocholski}, A. and {Sarajedini}, A. and {Leiton}, R.},
        title = "{Age and Metallicity Analysis of the Small Magellanic Cloud from Star Clusters}",
    booktitle = {Fifty Years of Wide Field Studies in the Southern Hemisphere: Resolved Stellar Populations of the Galactic Bulge and Magellanic Clouds},
         year = 2015,
       editor = {{Points}, S. and {Kunder}, A.},
       series = {Astronomical Society of the Pacific Conference Series},
       volume = {491},
        month = may,
        pages = {241},
       adsurl = {https://ui.adsabs.harvard.edu/abs/2015ASPC..491..241P},
      adsnote = {Provided by the SAO/NASA Astrophysics Data System}
}

@ARTICLE{K38_Santos_et_al2020,
       author = {{Santos}, Jo{\~a}o F.~C., Jr. and {Maia}, Francisco F.~S. and {Dias}, Bruno and {Kerber}, Leandro de O. and {Piatti}, Andr{\'e}s E. and {Bica}, Eduardo and {Angelo}, Mateus S. and {Minniti}, Dante and {P{\'e}rez-Villegas}, Angeles and {Roman-Lopes}, Alexandre and {Westera}, Pieter and {Fraga}, Luciano and {Quint}, Bruno and {Sanmartim}, David},
        title = "{The VISCACHA survey - II. Structure of star clusters in the Magellanic Clouds periphery}",
      journal = {\mnras},
     keywords = {surveys, galaxies: interactions, Magellanic Clouds, galaxies: photometry, galaxies: star clusters: general, galaxies: structure, Astrophysics - Astrophysics of Galaxies},
         year = 2020,
        month = oct,
       volume = {498},
       number = {1},
        pages = {205-222},
          doi = {10.1093/mnras/staa2425},
archivePrefix = {arXiv},
       eprint = {2008.04399},
 primaryClass = {astro-ph.GA},
       adsurl = {https://ui.adsabs.harvard.edu/abs/2020MNRAS.498..205S},
      adsnote = {Provided by the SAO/NASA Astrophysics Data System}
}

@ARTICLE{K39_Lamers_Gieles_Portegies_Zwart2005,
       author = {{Lamers}, H.~J.~G.~L.~M. and {Gieles}, M. and {Portegies Zwart}, S.~F.},
        title = "{Disruption time scales of star clusters in different galaxies}",
      journal = {\aap},
     keywords = {Galaxy: open clusters and associations: general, galaxies: individual: M 33, galaxies: individual: M 51, galaxies: individual: SMC, galaxies: star clusters, Galaxy: globular clusters: general, Astrophysics},
         year = 2005,
        month = jan,
       volume = {429},
        pages = {173-179},
          doi = {10.1051/0004-6361:20041476},
archivePrefix = {arXiv},
       eprint = {astro-ph/0408235},
 primaryClass = {astro-ph},
       adsurl = {https://ui.adsabs.harvard.edu/abs/2005A&A...429..173L},
      adsnote = {Provided by the SAO/NASA Astrophysics Data System}
}

@ARTICLE{K40_Dias_et_al2016,
       author = {{Dias}, B. and {Kerber}, L. and {Barbuy}, B. and {Bica}, E. and {Ortolani}, S.},
        title = "{SMC west halo: a slice of the galaxy that is being tidally stripped?. Star clusters trace age and metallicity gradients}",
      journal = {\aap},
     keywords = {galaxies: star clusters: general, Magellanic Clouds, galaxies: structure, Hertzsprung-Russell and C-M diagrams, galaxies: stellar content, Astrophysics - Astrophysics of Galaxies},
         year = 2016,
        month = jun,
       volume = {591},
          eid = {A11},
        pages = {A11},
          doi = {10.1051/0004-6361/201527558},
archivePrefix = {arXiv},
       eprint = {1604.03086},
 primaryClass = {astro-ph.GA},
       adsurl = {https://ui.adsabs.harvard.edu/abs/2016A&A...591A..11D},
      adsnote = {Provided by the SAO/NASA Astrophysics Data System}
}

@ARTICLE{K41_Bica_et_al2020,
       author = {{Bica}, Eduardo and {Westera}, Pieter and {Kerber}, Leandro de O. and {Dias}, Bruno and {Maia}, Francisco and {Santos}, Jo{\~a}o F.~C., Jr. and {Barbuy}, Beatriz and {Oliveira}, Raphael A.~P.},
        title = "{An Updated Small Magellanic Cloud and Magellanic Bridge Catalog of Star Clusters, Associations, and Related Objects}",
      journal = {\aj},
     keywords = {212, 1468, 1567, 600, Astrophysics - Astrophysics of Galaxies},
         year = 2020,
        month = mar,
       volume = {159},
       number = {3},
          eid = {82},
        pages = {82},
          doi = {10.3847/1538-3881/ab6595},
archivePrefix = {arXiv},
       eprint = {1907.08642},
 primaryClass = {astro-ph.GA},
       adsurl = {https://ui.adsabs.harvard.edu/abs/2020AJ....159...82B},
      adsnote = {Provided by the SAO/NASA Astrophysics Data System}
}

@ARTICLE{K42_Baumgardt_et_al2013,
       author = {{Baumgardt}, H. and {Parmentier}, G. and {Anders}, P. and {Grebel}, E.~K.},
        title = "{The star cluster formation history of the LMC}",
      journal = {\mnras},
     keywords = {galaxies: kinematics and dynamics, Magellanic Clouds, galaxies: star clusters: general, Astrophysics - Astrophysics of Galaxies},
         year = 2013,
        month = mar,
       volume = {430},
       number = {1},
        pages = {676-685},
          doi = {10.1093/mnras/sts667},
archivePrefix = {arXiv},
       eprint = {1207.5576},
 primaryClass = {astro-ph.GA},
       adsurl = {https://ui.adsabs.harvard.edu/abs/2013MNRAS.430..676B},
      adsnote = {Provided by the SAO/NASA Astrophysics Data System}
}

@ARTICLE{K43_DOnghia_Fox2016,
       author = {{D'Onghia}, Elena and {Fox}, Andrew J.},
        title = "{The Magellanic Stream: Circumnavigating the Galaxy}",
      journal = {\araa},
     keywords = {Astrophysics - Astrophysics of Galaxies},
         year = 2016,
        month = sep,
       volume = {54},
        pages = {363-400},
          doi = {10.1146/annurev-astro-081915-023251},
archivePrefix = {arXiv},
       eprint = {1511.05853},
 primaryClass = {astro-ph.GA},
       adsurl = {https://ui.adsabs.harvard.edu/abs/2016ARA&A..54..363D},
      adsnote = {Provided by the SAO/NASA Astrophysics Data System}
}



@ARTICLE{M1_Kuzma_Da_costa_Mackey2018,
       author = {{Kuzma}, P.~B. and {Da Costa}, G.~S. and {Mackey}, A.~D.},
        title = "{The outer envelopes of globular clusters. II. NGC 1851, NGC 5824 and NGC 1261$^{*}$}",
      journal = {\mnras},
     keywords = {globular clusters: general, globular clusters: individual (NGC 1261, NGC 1851, NGC 5824, NGC 7089), Galaxy: halo, Galaxy: stellar content, Astrophysics - Astrophysics of Galaxies},
         year = 2018,
        month = jan,
       volume = {473},
       number = {3},
        pages = {2881-2898},
          doi = {10.1093/mnras/stx2353},
archivePrefix = {arXiv},
       eprint = {1709.02915},
 primaryClass = {astro-ph.GA},
       adsurl = {https://ui.adsabs.harvard.edu/abs/2018MNRAS.473.2881K},
      adsnote = {Provided by the SAO/NASA Astrophysics Data System}
}

@ARTICLE{M2_Mackey_Gilmore2003,
       author = {{Mackey}, A.~D. and {Gilmore}, G.~F.},
        title = "{Surface brightness profiles and structural parameters for 10 rich stellar clusters in the Small Magellanic Cloud}",
      journal = {\mnras},
     keywords = {stars: statistics, globular clusters: general, Magellanic Clouds, galaxies: star clusters, Astrophysics},
         year = 2003,
        month = jan,
       volume = {338},
       number = {1},
        pages = {120-130},
          doi = {10.1046/j.1365-8711.2003.06022.x},
archivePrefix = {arXiv},
       eprint = {astro-ph/0209046},
 primaryClass = {astro-ph},
       adsurl = {https://ui.adsabs.harvard.edu/abs/2003MNRAS.338..120M},
      adsnote = {Provided by the SAO/NASA Astrophysics Data System}
}

@ARTICLE{M3_Glatt_et_al2008,
       author = {{Glatt}, Katharina and {Gallagher}, John S., III and {Grebel}, Eva K. and {Nota}, Antonella and {Sabbi}, Elena and {Sirianni}, Marco and {Clementini}, Gisella and {Tosi}, Monica and {Harbeck}, Daniel and {Koch}, Andreas and {Cracraft}, Misty},
        title = "{An Accurate Age Determination for the Small Magellanic Cloud Star Cluster NGC 121 with the Hubble Space Telescope/Advanced Camera for Surveys}",
      journal = {\aj},
     keywords = {galaxies: clusters: individual: NGC 121, galaxies: stellar content, Magellanic Clouds, stars: horizontal-branch, stars: late-type},
         year = 2008,
        month = apr,
       volume = {135},
       number = {4},
        pages = {1106-1116},
          doi = {10.1088/0004-6256/135/4/1106},
       adsurl = {https://ui.adsabs.harvard.edu/abs/2008AJ....135.1106G},
      adsnote = {Provided by the SAO/NASA Astrophysics Data System}
}

@ARTICLE{M5_Dalessandro_et_al2016,
       author = {{Dalessandro}, E. and {Lapenna}, E. and {Mucciarelli}, A. and {Origlia}, L. and {Ferraro}, F.~R. and {Lanzoni}, B.},
        title = "{Multiple Populations in the Old and Massive Small Magellanic Cloud Globular Cluster NGC 121}",
      journal = {\apj},
     keywords = {globular clusters: individual: NGC 121, Hertzsprung{\textendash}Russell and C{\textendash}M diagrams, Magellanic Clouds, stars: abundances, techniques: photometric, techniques: spectroscopic, Astrophysics - Solar and Stellar Astrophysics},
         year = 2016,
        month = oct,
       volume = {829},
       number = {2},
          eid = {77},
        pages = {77},
          doi = {10.3847/0004-637X/829/2/77},
archivePrefix = {arXiv},
       eprint = {1607.05736},
 primaryClass = {astro-ph.SR},
       adsurl = {https://ui.adsabs.harvard.edu/abs/2016ApJ...829...77D},
      adsnote = {Provided by the SAO/NASA Astrophysics Data System}
}

@ARTICLE{M6_Cullinane_et_al2021,
       author = {{Cullinane}, L.~R. and {Mackey}, A.~D. and {Da Costa}, G.~S. and {Erkal}, D. and {Koposov}, S.~E. and {Belokurov}, V.},
        title = "{The Magellanic Edges Survey II. Formation of the LMC's northern arm}",
      journal = {arXiv e-prints},
     keywords = {Astrophysics - Astrophysics of Galaxies},
         year = 2021,
        month = jun,
          eid = {arXiv:2106.03274},
        pages = {arXiv:2106.03274},
archivePrefix = {arXiv},
       eprint = {2106.03274},
 primaryClass = {astro-ph.GA},
       adsurl = {https://ui.adsabs.harvard.edu/abs/2021arXiv210603274C},
      adsnote = {Provided by the SAO/NASA Astrophysics Data System}
}

@ARTICLE{M7_McKenzie_Bekki_2021,
       author = {{McKenzie}, Madeleine and {Bekki}, Kenji},
        title = "{Simulations of globular clusters within their parent galaxies: Metallicity spreads and anomalous precursor populations}",
      journal = {\mnras},
     keywords = {hydrodynamics, ISM: abundances, galaxy: general, galaxy: globular clusters: general, galaxies: ISM},
         year = 2021,
        month = oct,
       volume = {507},
       number = {1},
        pages = {834-851},
          doi = {10.1093/mnras/stab2171},
       adsurl = {https://ui.adsabs.harvard.edu/abs/2021MNRAS.507..834M},
      adsnote = {Provided by the SAO/NASA Astrophysics Data System}
}

@ARTICLE{M8_Bekki_Chiba2005,
       author = {{Bekki}, Kenji and {Chiba}, Masashi},
        title = "{Formation and evolution of the Magellanic Clouds - I. Origin of structural, kinematic and chemical properties of the Large Magellanic Cloud}",
      journal = {\mnras},
     keywords = {galaxies: haloes, galaxies: kinematics and dynamics, Magellanic Clouds, galaxies: star clusters, galaxies: structure, Astrophysics},
         year = 2005,
        month = jan,
       volume = {356},
       number = {2},
        pages = {680-702},
          doi = {10.1111/j.1365-2966.2004.08510.x},
archivePrefix = {arXiv},
       eprint = {astro-ph/0412318},
 primaryClass = {astro-ph},
       adsurl = {https://ui.adsabs.harvard.edu/abs/2005MNRAS.356..680B},
      adsnote = {Provided by the SAO/NASA Astrophysics Data System}
}

@ARTICLE{M9_Patel_et_al2020,
       author = {{Patel}, Ekta and {Kallivayalil}, Nitya and {Garavito-Camargo}, Nicolas and {Besla}, Gurtina and {Weisz}, Daniel R. and {van der Marel}, Roeland P. and {Boylan-Kolchin}, Michael and {Pawlowski}, Marcel S. and {G{\'o}mez}, Facundo A.},
        title = "{The Orbital Histories of Magellanic Satellites Using Gaia DR2 Proper Motions}",
      journal = {\apj},
     keywords = {929, 1054, 990, 416, 591, Astrophysics - Astrophysics of Galaxies},
         year = 2020,
        month = apr,
       volume = {893},
       number = {2},
          eid = {121},
        pages = {121},
          doi = {10.3847/1538-4357/ab7b75},
archivePrefix = {arXiv},
       eprint = {2001.01746},
 primaryClass = {astro-ph.GA},
       adsurl = {https://ui.adsabs.harvard.edu/abs/2020ApJ...893..121P},
      adsnote = {Provided by the SAO/NASA Astrophysics Data System}
}



@ARTICLE{R1Erkal_et_al2019,
       author = {{Erkal}, D. and {Belokurov}, V. and {Laporte}, C.~F.~P. and {Koposov}, S.~E. and {Li}, T.~S. and {Grillmair}, C.~J. and {Kallivayalil}, N. and {Price-Whelan}, A.~M. and {Evans}, N.~W. and {Hawkins}, K. and {Hendel}, D. and {Mateu}, C. and {Navarro}, J.~F. and {del Pino}, A. and {Slater}, C.~T. and {Sohn}, S.~T. and {Orphan Aspen Treasury Collaboration}},
        title = "{The total mass of the Large Magellanic Cloud from its perturbation on the Orphan stream}",
      journal = {\mnras},
     keywords = {Galaxy: evolution, Galaxy: halo, Galaxy: kinematics and dynamics, Galaxy: structure, Magellanic Clouds, Astrophysics - Astrophysics of Galaxies},
         year = 2019,
        month = aug,
       volume = {487},
       number = {2},
        pages = {2685-2700},
          doi = {10.1093/mnras/stz1371},
archivePrefix = {arXiv},
       eprint = {1812.08192},
 primaryClass = {astro-ph.GA},
       adsurl = {https://ui.adsabs.harvard.edu/abs/2019MNRAS.487.2685E},
      adsnote = {Provided by the SAO/NASA Astrophysics Data System}
}

@ARTICLE{R2Erkal_Belokurov2020,
       author = {{Erkal}, Denis and {Belokurov}, Vasily A.},
        title = "{Limit on the LMC mass from a census of its satellites}",
      journal = {\mnras},
     keywords = {Galaxy: evolution, Galaxy: kinematics and dynamics, Magellanic Clouds, Astrophysics - Astrophysics of Galaxies},
         year = 2020,
        month = jul,
       volume = {495},
       number = {3},
        pages = {2554-2563},
          doi = {10.1093/mnras/staa1238},
archivePrefix = {arXiv},
       eprint = {1907.09484},
 primaryClass = {astro-ph.GA},
       adsurl = {https://ui.adsabs.harvard.edu/abs/2020MNRAS.495.2554E},
      adsnote = {Provided by the SAO/NASA Astrophysics Data System}
}

@ARTICLE{R3Pernarrubia_et_al2016,
       author = {{Pe{\~n}arrubia}, Jorge and {G{\'o}mez}, Facundo A. and {Besla}, Gurtina and {Erkal}, Denis and {Ma}, Yin-Zhe},
        title = "{A timing constraint on the (total) mass of the Large Magellanic Cloud}",
      journal = {\mnras},
     keywords = {Galaxy: kinematics and dynamics, galaxies: evolution, Astrophysics - Astrophysics of Galaxies},
         year = 2016,
        month = feb,
       volume = {456},
       number = {1},
        pages = {L54-L58},
          doi = {10.1093/mnrasl/slv160},
archivePrefix = {arXiv},
       eprint = {1507.03594},
 primaryClass = {astro-ph.GA},
       adsurl = {https://ui.adsabs.harvard.edu/abs/2016MNRAS.456L..54P},
      adsnote = {Provided by the SAO/NASA Astrophysics Data System}
}





@article{van2011numpy,
  title={The NumPy array: a structure for efficient numerical computation},
  author={Van Der Walt, Stefan and Colbert, S Chris and Varoquaux, Gael},
  journal={Computing in Science \& Engineering},
  volume={13},
  number={2},
  pages={22},
  year={2011},
  publisher={IEEE Computer Society}
}

@ARTICLE{2020SciPy-NMeth,
       author = {{Virtanen}, Pauli and {Gommers}, Ralf and {Oliphant},
         Travis E. and {Haberland}, Matt and {Reddy}, Tyler and
         {Cournapeau}, David and {Burovski}, Evgeni and {Peterson}, Pearu
         and {Weckesser}, Warren and {Bright}, Jonathan and {van der Walt},
         St{\'e}fan J.  and {Brett}, Matthew and {Wilson}, Joshua and
         {Jarrod Millman}, K.  and {Mayorov}, Nikolay and {Nelson}, Andrew
         R.~J. and {Jones}, Eric and {Kern}, Robert and {Larson}, Eric and
         {Carey}, CJ and {Polat}, {\.I}lhan and {Feng}, Yu and {Moore},
         Eric W. and {Vand erPlas}, Jake and {Laxalde}, Denis and
         {Perktold}, Josef and {Cimrman}, Robert and {Henriksen}, Ian and
         {Quintero}, E.~A. and {Harris}, Charles R and {Archibald}, Anne M.
         and {Ribeiro}, Ant{\^o}nio H. and {Pedregosa}, Fabian and
         {van Mulbregt}, Paul and {SciPy 1.0 Contributors}},
        title = "{{SciPy} 1.0: Fundamental Algorithms for Scientific
                  Computing in Python}",
      journal = {Nature Methods},
      year = {2020},
      volume={17},
      pages={261--272},
      adsurl = {https://rdcu.be/b08Wh},
      doi = {https://doi.org/10.1038/s41592-019-0686-2},
}

@Article{matplotlibHunter:2007,
  Author    = {Hunter, J. D.},
  Title     = {Matplotlib: A 2D graphics environment},
  Journal   = {Computing in Science \& Engineering},
  Volume    = {9},
  Number    = {3},
  Pages     = {90--95},
  abstract  = {Matplotlib is a 2D graphics package used for Python for
  application development, interactive scripting, and publication-quality
  image generation across user interfaces and operating systems.},
  publisher = {IEEE COMPUTER SOC},
  doi       = {10.1109/MCSE.2007.55},
  year      = 2007
}

@ARTICLE{GaiaCollaboration_2021,
       author = {{Gaia Collaboration} and {Luri}, X. and {Chemin}, L. and {Clementini}, G. and {Delgado}, H.~E. and {McMillan}, P.~J. and {Romero-G{\'o}mez}, M. and {Balbinot}, E. and {Castro-Ginard}, A. and {Mor}, R. and {Ripepi}, V. and {Sarro}, L.~M. and {Cioni}, M. -R.~L. and {Fabricius}, C. and {Garofalo}, A. and {Helmi}, A. and {Muraveva}, T. and {Brown}, A.~G.~A. and {Vallenari}, A. and {Prusti}, T. and {de Bruijne}, J.~H.~J. and {Babusiaux}, C. and {Biermann}, M. and {Creevey}, O.~L. and {Evans}, D.~W. and {Eyer}, L. and {Hutton}, A. and {Jansen}, F. and {Jordi}, C. and {Klioner}, S.~A. and {Lammers}, U. and {Lindegren}, L. and {Mignard}, F. and {Panem}, C. and {Pourbaix}, D. and {Randich}, S. and {Sartoretti}, P. and {Soubiran}, C. and {Walton}, N.~A. and {Arenou}, F. and {Bailer-Jones}, C.~A.~L. and {Bastian}, U. and {Cropper}, M. and {Drimmel}, R. and {Katz}, D. and {Lattanzi}, M.~G. and {van Leeuwen}, F. and {Bakker}, J. and {Casta{\~n}eda}, J. and {De Angeli}, F. and {Ducourant}, C. and {Fouesneau}, M. and {Fr{\'e}mat}, Y. and {Guerra}, R. and {Guerrier}, A. and {Guiraud}, J. and {Jean-Antoine Piccolo}, A. and {Masana}, E. and {Messineo}, R. and {Mowlavi}, N. and {Nicolas}, C. and {Nienartowicz}, K. and {Pailler}, F. and {Panuzzo}, P. and {Riclet}, F. and {Roux}, W. and {Seabroke}, G.~M. and {Sordo}, R. and {Tanga}, P. and {Th{\'e}venin}, F. and {Gracia-Abril}, G. and {Portell}, J. and {Teyssier}, D. and {Altmann}, M. and {Andrae}, R. and {Bellas-Velidis}, I. and {Benson}, K. and {Berthier}, J. and {Blomme}, R. and {Brugaletta}, E. and {Burgess}, P.~W. and {Busso}, G. and {Carry}, B. and {Cellino}, A. and {Cheek}, N. and {Damerdji}, Y. and {Davidson}, M. and {Delchambre}, L. and {Dell'Oro}, A. and {Fern{\'a}ndez-Hern{\'a}ndez}, J. and {Galluccio}, L. and {Garc{\'\i}a-Lario}, P. and {Garcia-Reinaldos}, M. and {Gonz{\'a}lez-N{\'u}{\~n}ez}, J. and {Gosset}, E. and {Haigron}, R. and {Halbwachs}, J. -L. and {Hambly}, N.~C. and {Harrison}, D.~L. and {Hatzidimitriou}, D. and {Heiter}, U. and {Hern{\'a}ndez}, J. and {Hestroffer}, D. and {Hodgkin}, S.~T. and {Holl}, B. and {Jan{\ss}en}, K. and {Jevardat de Fombelle}, G. and {Jordan}, S. and {Krone-Martins}, A. and {Lanzafame}, A.~C. and {L{\"o}ffler}, W. and {Lorca}, A. and {Manteiga}, M. and {Marchal}, O. and {Marrese}, P.~M. and {Moitinho}, A. and {Mora}, A. and {Muinonen}, K. and {Osborne}, P. and {Pancino}, E. and {Pauwels}, T. and {Recio-Blanco}, A. and {Richards}, P.~J. and {Riello}, M. and {Rimoldini}, L. and {Robin}, A.~C. and {Roegiers}, T. and {Rybizki}, J. and {Siopis}, C. and {Smith}, M. and {Sozzetti}, A. and {Ulla}, A. and {Utrilla}, E. and {van Leeuwen}, M. and {van Reeven}, W. and {Abbas}, U. and {Abreu Aramburu}, A. and {Accart}, S. and {Aerts}, C. and {Aguado}, J.~J. and {Ajaj}, M. and {Altavilla}, G. and {{\'A}lvarez}, M.~A. and {{\'A}lvarez Cid-Fuentes}, J. and {Alves}, J. and {Anderson}, R.~I. and {Anglada Varela}, E. and {Antoja}, T. and {Audard}, M. and {Baines}, D. and {Baker}, S.~G. and {Balaguer-N{\'u}{\~n}ez}, L. and {Balog}, Z. and {Barache}, C. and {Barbato}, D. and {Barros}, M. and {Barstow}, M.~A. and {Bartolom{\'e}}, S. and {Bassilana}, J. -L. and {Bauchet}, N. and {Baudesson-Stella}, A. and {Becciani}, U. and {Bellazzini}, M. and {Bernet}, M. and {Bertone}, S. and {Bianchi}, L. and {Blanco-Cuaresma}, S. and {Boch}, T. and {Bombrun}, A. and {Bossini}, D. and {Bouquillon}, S. and {Bragaglia}, A. and {Bramante}, L. and {Breedt}, E. and {Bressan}, A. and {Brouillet}, N. and {Bucciarelli}, B. and {Burlacu}, A. and {Busonero}, D. and {Butkevich}, A.~G. and {Buzzi}, R. and {Caffau}, E. and {Cancelliere}, R. and {C{\'a}novas}, H. and {Cantat-Gaudin}, T. and {Carballo}, R. and {Carlucci}, T. and {Carnerero}, M.~I. and {Carrasco}, J.~M. and {Casamiquela}, L. and {Castellani}, M. and {Castro Sampol}, P. and {Chaoul}, L. and {Charlot}, P. and {Chiavassa}, A. and {Comoretto}, G. and {Cooper}, W.~J. and {Cornez}, T. and {Cowell}, S. and {Crifo}, F. and {Crosta}, M. and {Crowley}, C. and {Dafonte}, C. and {Dapergolas}, A. and {David}, M. and {David}, P. and {de Laverny}, P. and {De Luise}, F. and {De March}, R. and {De Ridder}, J. and {de Souza}, R. and {de Teodoro}, P. and {de Torres}, A. and {del Peloso}, E.~F. and {del Pozo}, E. and {Delgado}, A. and {Delisle}, J. -B. and {Di Matteo}, P. and {Diakite}, S. and {Diener}, C. and {Distefano}, E. and {Dolding}, C. and {Eappachen}, D. and {Enke}, H. and {Esquej}, P. and {Fabre}, C. and {Fabrizio}, M. and {Faigler}, S. and {Fedorets}, G. and {Fernique}, P. and {Fienga}, A. and {Figueras}, F. and {Fouron}, C. and {Fragkoudi}, F. and {Fraile}, E. and {Franke}, F. and {Gai}, M. and {Garabato}, D. and {Garcia-Gutierrez}, A. and {Garc{\'\i}a-Torres}, M. and {Gavras}, P. and {Gerlach}, E. and {Geyer}, R. and {Giacobbe}, P. and {Gilmore}, G. and {Girona}, S. and {Giuffrida}, G. and {Gomez}, A. and {Gonzalez-Santamaria}, I. and {Gonz{\'a}lez-Vidal}, J.~J. and {Granvik}, M. and {Guti{\'e}rrez-S{\'a}nchez}, R. and {Guy}, L.~P. and {Hauser}, M. and {Haywood}, M. and {Hidalgo}, S.~L. and {Hilger}, T. and {H{\l}adczuk}, N. and {Hobbs}, D. and {Holland}, G. and {Huckle}, H.~E. and {Jasniewicz}, G. and {Jonker}, P.~G. and {Juaristi Campillo}, J. and {Julbe}, F. and {Karbevska}, L. and {Kervella}, P. and {Khanna}, S. and {Kochoska}, A. and {Kontizas}, M. and {Kordopatis}, G. and {Korn}, A.~J. and {Kostrzewa-Rutkowska}, Z. and {Kruszy{\'n}ska}, K. and {Lambert}, S. and {Lanza}, A.~F. and {Lasne}, Y. and {Le Campion}, J. -F. and {Le Fustec}, Y. and {Lebreton}, Y. and {Lebzelter}, T. and {Leccia}, S. and {Leclerc}, N. and {Lecoeur-Taibi}, I. and {Liao}, S. and {Licata}, E. and {Lindstr{\o}m}, H.~E.~P. and {Lister}, T.~A. and {Livanou}, E. and {Lobel}, A. and {Madrero Pardo}, P. and {Managau}, S. and {Mann}, R.~G. and {Marchant}, J.~M. and {Marconi}, M. and {Marcos Santos}, M.~M.~S. and {Marinoni}, S. and {Marocco}, F. and {Marshall}, D.~J. and {Martin Polo}, L. and {Mart{\'\i}n-Fleitas}, J.~M. and {Masip}, A. and {Massari}, D. and {Mastrobuono-Battisti}, A. and {Mazeh}, T. and {Messina}, S. and {Michalik}, D. and {Millar}, N.~R. and {Mints}, A. and {Molina}, D. and {Molinaro}, R. and {Moln{\'a}r}, L. and {Montegriffo}, P. and {Morbidelli}, R. and {Morel}, T. and {Morris}, D. and {Mulone}, A.~F. and {Munoz}, D. and {Murphy}, C.~P. and {Musella}, I. and {Noval}, L. and {Ord{\'e}novic}, C. and {Orr{\`u}}, G. and {Osinde}, J. and {Pagani}, C. and {Pagano}, I. and {Palaversa}, L. and {Palicio}, P.~A. and {Panahi}, A. and {Pawlak}, M. and {Pe{\~n}alosa Esteller}, X. and {Penttil{\"a}}, A. and {Piersimoni}, A.~M. and {Pineau}, F. -X. and {Plachy}, E. and {Plum}, G. and {Poggio}, E. and {Poretti}, E. and {Poujoulet}, E. and {Pr{\v{s}}a}, A. and {Pulone}, L. and {Racero}, E. and {Ragaini}, S. and {Rainer}, M. and {Raiteri}, C.~M. and {Rambaux}, N. and {Ramos}, P. and {Ramos-Lerate}, M. and {Re Fiorentin}, P. and {Regibo}, S. and {Reyl{\'e}}, C. and {Riva}, A. and {Rixon}, G. and {Robichon}, N. and {Robin}, C. and {Roelens}, M. and {Rohrbasser}, L. and {Rowell}, N. and {Royer}, F. and {Rybicki}, K.~A. and {Sadowski}, G. and {Sagrist{\`a} Sell{\'e}s}, A. and {Sahlmann}, J. and {Salgado}, J. and {Salguero}, E. and {Samaras}, N. and {Gimenez}, V. Sanchez and {Sanna}, N. and {Santove{\~n}a}, R. and {Sarasso}, M. and {Schultheis}, M. and {Sciacca}, E. and {Segol}, M. and {Segovia}, J.~C. and {S{\'e}gransan}, D. and {Semeux}, D. and {Siddiqui}, H.~I. and {Siebert}, A. and {Siltala}, L. and {Slezak}, E. and {Smart}, R.~L. and {Solano}, E. and {Solitro}, F. and {Souami}, D. and {Souchay}, J. and {Spagna}, A. and {Spoto}, F. and {Steele}, I.~A. and {Steidelm{\"u}ller}, H. and {Stephenson}, C.~A. and {S{\"u}veges}, M. and {Szabados}, L. and {Szegedi-Elek}, E. and {Taris}, F. and {Tauran}, G. and {Taylor}, M.~B. and {Teixeira}, R. and {Thuillot}, W. and {Tonello}, N. and {Torra}, F. and {Torra}, J. and {Turon}, C. and {Unger}, N. and {Vaillant}, M. and {van Dillen}, E. and {Vanel}, O. and {Vecchiato}, A. and {Viala}, Y. and {Vicente}, D. and {Voutsinas}, S. and {Weiler}, M. and {Wevers}, T. and {Wyrzykowski}, {\L}. and {Yoldas}, A. and {Yvard}, P. and {Zhao}, H. and {Zorec}, J. and {Zucker}, S. and {Zurbach}, C. and {Zwitter}, T.},
        title = "{Gaia Early Data Release 3. Structure and properties of the Magellanic Clouds}",
      journal = {\aap},
     keywords = {Magellanic Clouds, catalogs, astrometry, parallaxes, proper motions, Astrophysics - Astrophysics of Galaxies},
         year = 2021,
        month = may,
       volume = {649},
          eid = {A7},
        pages = {A7},
          doi = {10.1051/0004-6361/202039588},
archivePrefix = {arXiv},
       eprint = {2012.01771},
 primaryClass = {astro-ph.GA},
       adsurl = {https://ui.adsabs.harvard.edu/abs/2021A&A...649A...7G},
      adsnote = {Provided by the SAO/NASA Astrophysics Data System}
}



