
%%%%%%%%%%%%%%%%%%%%%%%%%%%%%%%%%%%%%%%%%%%%%%%%%%%%%%%%%%%%%%%
%%%%%%%%%%%%%%%%%%%%%      A.   %%%%%%%%%%%%%%%%%%%%%%%%%%%%%%%
%%%%%%%%%%%%%%%%%%%%%%%%%%%%%%%%%%%%%%%%%%%%%%%%%%%%%%%%%%%%%%%

@ARTICLE{Ataiee_etal2018,
       author = {{Ataiee}, S. and {Baruteau}, C. and {Alibert}, Y. and {Benz}, W.},
        title = "{How much does turbulence change the pebble isolation mass for planet formation?}",
      journal = {\aap},
     keywords = {protoplanetary disks, planet-disk interactions, submillimeter: planetary systems, Astrophysics - Earth and Planetary Astrophysics},
         year = 2018,
        month = jul,
       volume = {615},
          eid = {A110},
        pages = {A110},
          doi = {10.1051/0004-6361/201732026},
archivePrefix = {arXiv},
       eprint = {1804.00924},
 primaryClass = {astro-ph.EP},
       adsurl = {https://ui.adsabs.harvard.edu/abs/2018A&A...615A.110A},
      adsnote = {Provided by the SAO/NASA Astrophysics Data System}
}





%%%%%%%%%%%%%%%%%%%%%%%%%%%%%%%%%%%%%%%%%%%%%%%%%%%%%%%%%%%%%%%
%%%%%%%%%%%%%%%%%%%%%      B.   %%%%%%%%%%%%%%%%%%%%%%%%%%%%%%%
%%%%%%%%%%%%%%%%%%%%%%%%%%%%%%%%%%%%%%%%%%%%%%%%%%%%%%%%%%%%%%%

@ARTICLE{BM2008a,
       author = {{Baruteau}, C. and {Masset}, F.},
        title = "{On the Corotation Torque in a Radiatively Inefficient Disk}",
      journal = {\apj},
     keywords = {accretion, accretion disks, hydrodynamics, methods: numerical, planetary systems: formation, planetary systems: protoplanetary disks, Astrophysics},
         year = 2008,
        month = jan,
       volume = {672},
       number = {2},
        pages = {1054-1067},
          doi = {10.1086/523667},
archivePrefix = {arXiv},
       eprint = {0709.2617},
 primaryClass = {astro-ph},
       adsurl = {https://ui.adsabs.harvard.edu/abs/2008ApJ...672.1054B},
      adsnote = {Provided by the SAO/NASA Astrophysics Data System}
}

@ARTICLE{BM2008b,
       author = {{Baruteau}, C. and {Masset}, F.},
        title = "{Type I Planetary Migration in a Self-Gravitating Disk}",
      journal = {\apj},
     keywords = {accretion, accretion disks, hydrodynamics, methods: numerical, planetary systems: formation, planetary systems: protoplanetary disks, Astrophysics},
         year = 2008,
        month = may,
       volume = {678},
       number = {1},
        pages = {483-497},
          doi = {10.1086/529487},
archivePrefix = {arXiv},
       eprint = {0801.4413},
 primaryClass = {astro-ph},
       adsurl = {https://ui.adsabs.harvard.edu/abs/2008ApJ...678..483B},
      adsnote = {Provided by the SAO/NASA Astrophysics Data System}
}

@ARTICLE{BZ2016,
       author = {{Baruteau}, Cl{\'e}ment and {Zhu}, Zhaohuan},
        title = "{Gas and dust hydrodynamical simulations of massive lopsided transition discs - II. Dust concentration}",
      journal = {\mnras},
     keywords = {accretion, accretion discs, hydrodynamics, instabilities, methods: numerical, protoplanetary discs, Astrophysics - Earth and Planetary Astrophysics, Astrophysics - Astrophysics of Galaxies},
         year = 2016,
        month = jun,
       volume = {458},
       number = {4},
        pages = {3927-3941},
          doi = {10.1093/mnras/stv2527},
archivePrefix = {arXiv},
       eprint = {1511.03498},
 primaryClass = {astro-ph.EP},
       adsurl = {https://ui.adsabs.harvard.edu/abs/2016MNRAS.458.3927B},
      adsnote = {Provided by the SAO/NASA Astrophysics Data System}
}


@ARTICLE{2016SSRv..205...77B,
       author = {{Baruteau}, Cl{\'e}ment and {Bai}, Xuening and {Mordasini}, Christoph and {Molli{\`e}re}, Paul},
        title = "{Formation, Orbital and Internal Evolutions of Young Planetary Systems}",
      journal = {\ssr},
     keywords = {Planets and satellites: formation, Planets and satellites: interiors, Protoplanetary disks, Planet-disk interactions, Astrophysics - Earth and Planetary Astrophysics},
         year = 2016,
        month = dec,
       volume = {205},
       number = {1-4},
        pages = {77-124},
          doi = {10.1007/s11214-016-0258-z},
archivePrefix = {arXiv},
       eprint = {1604.07558},
 primaryClass = {astro-ph.EP},
       adsurl = {https://ui.adsabs.harvard.edu/abs/2016SSRv..205...77B},
      adsnote = {Provided by the SAO/NASA Astrophysics Data System}
}






@ARTICLE{B-LlM2016,
       author = {{Ben{\'\i}tez-Llambay}, Pablo and {Masset}, Fr{\'e}d{\'e}ric S.},
        title = "{FARGO3D: A New GPU-oriented MHD Code}",
      journal = {\apjs},
     keywords = {accretion, accretion disks, hydrodynamics, magnetohydrodynamics: MHD, methods: numerical, protoplanetary disks, Astrophysics - Instrumentation and Methods for Astrophysics, Astrophysics - Earth and Planetary Astrophysics, Physics - Computational Physics},
         year = 2016,
        month = mar,
       volume = {223},
       number = {1},
          eid = {11},
        pages = {11},
          doi = {10.3847/0067-0049/223/1/11},
archivePrefix = {arXiv},
       eprint = {1602.02359},
 primaryClass = {astro-ph.IM},
       adsurl = {https://ui.adsabs.harvard.edu/abs/2016ApJS..223...11B},
      adsnote = {Provided by the SAO/NASA Astrophysics Data System}
}

@ARTICLE{2010A&A...523A..30B,
       author = {{Bitsch}, B. and {Kley}, W.},
        title = "{Orbital evolution of eccentric planets in radiative discs}",
      journal = {\aap},
     keywords = {accretion, accretion disks, planets and satellites: formation, hydrodynamics, radiative transfer, planet disk interactions, Astrophysics - Earth and Planetary Astrophysics},
         year = 2010,
        month = nov,
       volume = {523},
          eid = {A30},
        pages = {A30},
          doi = {10.1051/0004-6361/201014414},
archivePrefix = {arXiv},
       eprint = {1008.2656},
 primaryClass = {astro-ph.EP},
       adsurl = {https://ui.adsabs.harvard.edu/abs/2010A&A...523A..30B},
      adsnote = {Provided by the SAO/NASA Astrophysics Data System}
}



@ARTICLE{2013A&A...555A.124B,
       author = {{Bitsch}, B. and {Crida}, A. and {Libert}, A. -S. and {Lega}, E.},
        title = "{Highly inclined and eccentric massive planets. I. Planet-disc interactions}",
      journal = {\aap},
     keywords = {accretion, accretion disks, planets and satellites: formation, hydrodynamics, planet-disk interactions, Astrophysics - Earth and Planetary Astrophysics},
         year = 2013,
        month = jul,
       volume = {555},
          eid = {A124},
        pages = {A124},
          doi = {10.1051/0004-6361/201220310},
archivePrefix = {arXiv},
       eprint = {1305.7330},
 primaryClass = {astro-ph.EP},
       adsurl = {https://ui.adsabs.harvard.edu/abs/2013A&A...555A.124B},
      adsnote = {Provided by the SAO/NASA Astrophysics Data System}
}




@ARTICLE{Bitsch_etal2018,
       author = {{Bitsch}, Bertram and {Morbidelli}, Alessandro and {Johansen}, Anders and
         {Lega}, Elena and {Lambrechts}, Michiel and {Crida}, Aur{\'e}lien},
        title = "{Pebble-isolation mass: Scaling law and implications for the formation of super-Earths and gas giants}",
      journal = {\aap},
     keywords = {accretion, accretion discs, planets and satellites: formation, protoplanetary discs, planet-disc interactions, Astrophysics - Earth and Planetary Astrophysics},
         year = 2018,
        month = apr,
       volume = {612},
          eid = {A30},
        pages = {A30},
          doi = {10.1051/0004-6361/201731931},
archivePrefix = {arXiv},
       eprint = {1801.02341},
 primaryClass = {astro-ph.EP},
       adsurl = {https://ui.adsabs.harvard.edu/abs/2018A&A...612A..30B},
      adsnote = {Provided by the SAO/NASA Astrophysics Data System}
}


@ARTICLE{2019A&A...630A..51B,
       author = {{Bitsch}, Bertram},
        title = "{Inner rocky super-Earth formation: distinguishing the formation pathways in viscously heated and passive discs}",
      journal = {\aap},
     keywords = {accretion, accretion disks, planets and satellites: formation, protoplanetary disks, planet-disk interactions, Astrophysics - Earth and Planetary Astrophysics},
         year = 2019,
        month = oct,
       volume = {630},
          eid = {A51},
        pages = {A51},
          doi = {10.1051/0004-6361/201935877},
archivePrefix = {arXiv},
       eprint = {1908.08710},
 primaryClass = {astro-ph.EP},
       adsurl = {https://ui.adsabs.harvard.edu/abs/2019A&A...630A..51B},
      adsnote = {Provided by the SAO/NASA Astrophysics Data System}
}





@ARTICLE{2019A&A...623A..88B,
       author = {{Bitsch}, Bertram and {Izidoro}, Andre and {Johansen}, Anders and {Raymond}, Sean N. and {Morbidelli}, Alessandro and {Lambrechts}, Michiel and {Jacobson}, Seth A.},
        title = "{Formation of planetary systems by pebble accretion and migration: growth of gas giants}",
      journal = {\aap},
     keywords = {accretion, accretion discs, planets and satellites: formation, protoplanetary discs, planet-disc interactions, Astrophysics - Earth and Planetary Astrophysics},
         year = 2019,
        month = mar,
       volume = {623},
          eid = {A88},
        pages = {A88},
          doi = {10.1051/0004-6361/201834489},
archivePrefix = {arXiv},
       eprint = {1902.08771},
 primaryClass = {astro-ph.EP},
       adsurl = {https://ui.adsabs.harvard.edu/abs/2019A&A...623A..88B},
      adsnote = {Provided by the SAO/NASA Astrophysics Data System}
}


@ARTICLE{2020A&A...643A..66B,
       author = {{Bitsch}, Bertram and {Trifonov}, Trifon and {Izidoro}, Andre},
        title = "{The eccentricity distribution of giant planets and their relation to super-Earths in the pebble accretion scenario}",
      journal = {\aap},
     keywords = {accretion, accretion disks, planets and satellites: formation, protoplanetary disks, planet-disk interactions, Astrophysics - Earth and Planetary Astrophysics, Astrophysics - Solar and Stellar Astrophysics},
         year = 2020,
        month = nov,
       volume = {643},
          eid = {A66},
        pages = {A66},
          doi = {10.1051/0004-6361/202038856},
archivePrefix = {arXiv},
       eprint = {2009.11725},
 primaryClass = {astro-ph.EP},
       adsurl = {https://ui.adsabs.harvard.edu/abs/2020A&A...643A..66B},
      adsnote = {Provided by the SAO/NASA Astrophysics Data System}
}

@ARTICLE{Baruteau2021,
       author = {{Baruteau}, Cl{\'e}ment and {Wafflard-Fernandez}, Gaylor and {Le Gal}, Romane and {Debras}, Florian and {Carmona}, Andr{\'e}s and {Fuente}, Asunci{\'o}n and {Rivi{\`e}re-Marichalar}, Pablo},
        title = "{Observational signatures of eccentric Jupiters inside gas cavities in protoplanetary discs}",
      journal = {\mnras},
     keywords = {hydrodynamics, radiative transfer, planets and satellites: formation, planet-disc interactions, protoplanetary discs, accretion, accretion discs, Astrophysics - Earth and Planetary Astrophysics, Astrophysics - Solar and Stellar Astrophysics},
         year = 2021,
        month = jul,
       volume = {505},
       number = {1},
        pages = {359-376},
          doi = {10.1093/mnras/stab1045},
archivePrefix = {arXiv},
       eprint = {2104.03769},
 primaryClass = {astro-ph.EP},
       adsurl = {https://ui-adsabs-harvard-edu.insu.bib.cnrs.fr/abs/2021MNRAS.505..359B},
      adsnote = {Provided by the SAO/NASA Astrophysics Data System}
}







@ARTICLE{2017AJ....153..222B,
       author = {{Brasser}, R. and {Bitsch}, B. and {Matsumura}, S.},
        title = "{Saving Super-Earths: Interplay between Pebble Accretion and Type I Migration}",
      journal = {\aj},
     keywords = {celestial mechanics, planets and satellites: dynamical evolution and stability, planets and satellites: formation, Astrophysics - Earth and Planetary Astrophysics},
         year = 2017,
        month = may,
       volume = {153},
       number = {5},
          eid = {222},
        pages = {222},
          doi = {10.3847/1538-3881/aa6ba3},
archivePrefix = {arXiv},
       eprint = {1704.01962},
 primaryClass = {astro-ph.EP},
       adsurl = {https://ui.adsabs.harvard.edu/abs/2017AJ....153..222B},
      adsnote = {Provided by the SAO/NASA Astrophysics Data System}
}


@ARTICLE{2021A&A...653A.103B,
       author = {{Brouwers}, M.~G. and {Ormel}, C.~W. and {Bonsor}, A. and {Vazan}, A.},
        title = "{How planets grow by pebble accretion. IV. Envelope opacity trends from sedimenting dust and pebbles}",
      journal = {\aap},
     keywords = {planets and satellites: composition, planets and satellites: formation, planets and satellites: physical evolution, planet-disk interactions, Astrophysics - Earth and Planetary Astrophysics},
         year = 2021,
        month = sep,
       volume = {653},
          eid = {A103},
        pages = {A103},
          doi = {10.1051/0004-6361/202140476},
archivePrefix = {arXiv},
       eprint = {2106.03848},
 primaryClass = {astro-ph.EP},
       adsurl = {https://ui.adsabs.harvard.edu/abs/2021A&A...653A.103B},
      adsnote = {Provided by the SAO/NASA Astrophysics Data System}
}





%%%%%%%%%%%%%%%%%%%%%%%%%%%%%%%%%%%%%%%%%%%%%%%%%%%%%%%%%%%%%%%
%%%%%%%%%%%%%%%%%%%%%      C.   %%%%%%%%%%%%%%%%%%%%%%%%%%%%%%%
%%%%%%%%%%%%%%%%%%%%%%%%%%%%%%%%%%%%%%%%%%%%%%%%%%%%%%%%%%%%%%%

@ARTICLE{YXChen21,
       author = {{Chen}, Yi-Xian and {Wang}, Zhuoxiao and {Li}, Ya-Ping and {Baruteau}, Cl{\'e}ment and {Lin}, Douglas N.~C.},
        title = "{Wide Dust Gaps in Protoplanetary Disks Induced by Eccentric Planets: A Mass-eccentricity Degeneracy}",
      journal = {\apj},
     keywords = {1300, 441, 492, 484, Astrophysics - Earth and Planetary Astrophysics},
         year = 2021,
        month = dec,
       volume = {922},
       number = {2},
          eid = {184},
        pages = {184},
          doi = {10.3847/1538-4357/ac23d7},
archivePrefix = {arXiv},
       eprint = {2109.03333},
 primaryClass = {astro-ph.EP},
       adsurl = {https://ui-adsabs-harvard-edu.insu.bib.cnrs.fr/abs/2021ApJ...922..184C},
      adsnote = {Provided by the SAO/NASA Astrophysics Data System}
}

@ARTICLE{2016ApJ...825...63C,
       author = {{Chambers}, J.~E.},
        title = "{Pebble Accretion and the Diversity of Planetary Systems}",
      journal = {\apj},
     keywords = {planets and satellites: formation, planets and satellites: gaseous planets, planets and satellites: terrestrial planets, protoplanetary disks, Astrophysics - Earth and Planetary Astrophysics},
         year = 2016,
        month = jul,
       volume = {825},
       number = {1},
          eid = {63},
        pages = {63},
          doi = {10.3847/0004-637X/825/1/63},
archivePrefix = {arXiv},
       eprint = {1604.06362},
 primaryClass = {astro-ph.EP},
       adsurl = {https://ui.adsabs.harvard.edu/abs/2016ApJ...825...63C},
      adsnote = {Provided by the SAO/NASA Astrophysics Data System}
}

@ARTICLE{Chrenko2017,
       author = {{Chrenko}, O. and {Bro{\v{z}}}, M. and {Lambrechts}, M.},
        title = "{Eccentricity excitation and merging of planetary embryos heated by pebble accretion}",
      journal = {\aap},
     keywords = {hydrodynamics, planets and satellites: formation, planet-disk interactions, protoplanetary disks, planets and satellites: gaseous planets, Astrophysics - Earth and Planetary Astrophysics},
         year = 2017,
        month = oct,
       volume = {606},
          eid = {A114},
        pages = {A114},
          doi = {10.1051/0004-6361/201731033},
archivePrefix = {arXiv},
       eprint = {1706.06329},
 primaryClass = {astro-ph.EP},
       adsurl = {https://ui-adsabs-harvard-edu.insu.bib.cnrs.fr/abs/2017A&A...606A.114C},
      adsnote = {Provided by the SAO/NASA Astrophysics Data System}
}





@ARTICLE{Charnoz_etal2011,
       author = {{Charnoz}, S{\'e}bastien and {Fouchet}, Laure and
         {Aleon}, J{\'e}r{\^o}me and {Moreira}, Manuel},
        title = "{Three-dimensional Lagrangian Turbulent Diffusion of Dust Grains in a Protoplanetary Disk: Method and First Applications}",
      journal = {\apj},
     keywords = {methods: numerical, protoplanetary disks, Astrophysics - Earth and Planetary Astrophysics},
         year = 2011,
        month = aug,
       volume = {737},
       number = {1},
          eid = {33},
        pages = {33},
          doi = {10.1088/0004-637X/737/1/33},
archivePrefix = {arXiv},
       eprint = {1105.3440},
 primaryClass = {astro-ph.EP},
       adsurl = {https://ui.adsabs.harvard.edu/abs/2011ApJ...737...33C},
      adsnote = {Provided by the SAO/NASA Astrophysics Data System}
}

@ARTICLE{2008A&A...482..677C,
       author = {{Cresswell}, P. and {Nelson}, R.~P.},
        title = "{Three-dimensional simulations of multiple protoplanets embedded in a protostellar disc}",
      journal = {\aap},
     keywords = {stars: planetary systems: formation, stars: planetary systems: protoplanetary disks, stars: planetary systems, Astrophysics},
         year = 2008,
        month = may,
       volume = {482},
       number = {2},
        pages = {677-690},
          doi = {10.1051/0004-6361:20079178},
archivePrefix = {arXiv},
       eprint = {0811.4322},
 primaryClass = {astro-ph},
       adsurl = {https://ui.adsabs.harvard.edu/abs/2008A&A...482..677C},
      adsnote = {Provided by the SAO/NASA Astrophysics Data System}
}




@ARTICLE{Crida_etal2006,
       author = {{Crida}, A. and {Morbidelli}, A. and {Masset}, F.},
        title = "{On the width and shape of gaps in protoplanetary disks}",
      journal = {\icarus},
     keywords = {Astrophysics},
         year = 2006,
        month = apr,
       volume = {181},
       number = {2},
        pages = {587-604},
          doi = {10.1016/j.icarus.2005.10.007},
archivePrefix = {arXiv},
       eprint = {astro-ph/0511082},
 primaryClass = {astro-ph},
       adsurl = {https://ui.adsabs.harvard.edu/abs/2006Icar..181..587C},
      adsnote = {Provided by the SAO/NASA Astrophysics Data System}
}


%%%%%%%%%%%%%%%%%%%%%%%%%%%%%%%%%%%%%%%%%%%%%%%%%%%%%%%%%%%%%%%
%%%%%%%%%%%%%%%%%%%%%      D.   %%%%%%%%%%%%%%%%%%%%%%%%%%%%%%%
%%%%%%%%%%%%%%%%%%%%%%%%%%%%%%%%%%%%%%%%%%%%%%%%%%%%%%%%%%%%%%%
@ARTICLE{2006ApJ...652.1698D,
       author = {{D'Angelo}, Gennaro and {Lubow}, Stephen H. and {Bate}, Matthew R.},
        title = "{Evolution of Giant Planets in Eccentric Disks}",
      journal = {\apj},
     keywords = {Accretion, Accretion Disks, Hydrodynamics, Methods: Numerical, Stars: Planetary Systems: Formation, Astrophysics},
         year = 2006,
        month = dec,
       volume = {652},
       number = {2},
        pages = {1698-1714},
          doi = {10.1086/508451},
archivePrefix = {arXiv},
       eprint = {astro-ph/0608355},
 primaryClass = {astro-ph},
       adsurl = {https://ui.adsabs.harvard.edu/abs/2006ApJ...652.1698D},
      adsnote = {Provided by the SAO/NASA Astrophysics Data System}
}





@ARTICLE{deVal_etal2006,
       author = {{de Val-Borro}, M. and {Edgar}, R.~G. and {Artymowicz}, P. and
         {Ciecielag}, P. and {Cresswell}, P. and {D'Angelo}, G. and
         {Delgado-Donate}, E.~J. and {Dirksen}, G. and {Fromang}, S. and
         {Gawryszczak}, A. and {Klahr}, H. and {Kley}, W. and {Lyra}, W. and
         {Masset}, F. and {Mellema}, G. and {Nelson}, R.~P. and
         {Paardekooper}, S. -J. and {Peplinski}, A. and {Pierens}, A. and
         {Plewa}, T. and {Rice}, K. and {Sch{\"a}fer}, C. and {Speith}, R.},
        title = "{A comparative study of disc-planet interaction}",
      journal = {\mnras},
     keywords = {accretion, accretion discs: hydrodynamics: planets and satellites: general, accretion discs, hydrodynamics, planets and satellites: general, Astrophysics},
         year = 2006,
        month = aug,
       volume = {370},
       number = {2},
        pages = {529-558},
          doi = {10.1111/j.1365-2966.2006.10488.x},
archivePrefix = {arXiv},
       eprint = {astro-ph/0605237},
 primaryClass = {astro-ph},
       adsurl = {https://ui.adsabs.harvard.edu/abs/2006MNRAS.370..529D},
      adsnote = {Provided by the SAO/NASA Astrophysics Data System}
}

@ARTICLE{2015ApJ...807L..11D,
       author = {{Duffell}, Paul C.},
        title = "{A Simple Analytical Model for Gaps in Protoplanetary Disks}",
      journal = {\apjl},
     keywords = {hydrodynamics, planet-disk interactions, planets and satellites: formation, protoplanetary disks, Astrophysics - Earth and Planetary Astrophysics},
         year = 2015,
        month = jul,
       volume = {807},
       number = {1},
          eid = {L11},
        pages = {L11},
          doi = {10.1088/2041-8205/807/1/L11},
archivePrefix = {arXiv},
       eprint = {1505.03514},
 primaryClass = {astro-ph.EP},
       adsurl = {https://ui.adsabs.harvard.edu/abs/2015ApJ...807L..11D},
      adsnote = {Provided by the SAO/NASA Astrophysics Data System}
}


@ARTICLE{2013ApJ...769...41D,
       author = {{Duffell}, Paul C. and {MacFadyen}, Andrew I.},
        title = "{Gap Opening by Extremely Low-mass Planets in a Viscous Disk}",
      journal = {\apj},
     keywords = {hydrodynamics, methods: numerical, planet-disk interactions, planets and satellites: formation, protoplanetary disks, Astrophysics - Earth and Planetary Astrophysics, Physics - Computational Physics, Physics - Fluid Dynamics},
         year = 2013,
        month = may,
       volume = {769},
       number = {1},
          eid = {41},
        pages = {41},
          doi = {10.1088/0004-637X/769/1/41},
archivePrefix = {arXiv},
       eprint = {1302.1934},
 primaryClass = {astro-ph.EP},
       adsurl = {https://ui.adsabs.harvard.edu/abs/2013ApJ...769...41D},
      adsnote = {Provided by the SAO/NASA Astrophysics Data System}
}

@ARTICLE{Debras21,
       author = {{Debras}, Florian and {Baruteau}, Cl{\'e}ment and {Donati}, Jean-Fran{\c{c}}ois},
        title = "{Revisiting migration in a disc cavity to explain the high eccentricities of warm Jupiters}",
      journal = {\mnras},
     keywords = {accretion, accretion discs, hydrodynamics, planets and satellites: formation, planet-disc interactions, protoplanetary discs, Astrophysics - Earth and Planetary Astrophysics},
         year = 2021,
        month = jan,
       volume = {500},
       number = {2},
        pages = {1621-1632},
          doi = {10.1093/mnras/staa3397},
archivePrefix = {arXiv},
       eprint = {2010.14425},
 primaryClass = {astro-ph.EP},
       adsurl = {https://ui-adsabs-harvard-edu.insu.bib.cnrs.fr/abs/2021MNRAS.500.1621D},
      adsnote = {Provided by the SAO/NASA Astrophysics Data System}
}



%%%%%%%%%%%%%%%%%%%%%%%%%%%%%%%%%%%%%%%%%%%%%%%%%%%%%%%%%%%%%%%
%%%%%%%%%%%%%%%%%%%%%      E.   %%%%%%%%%%%%%%%%%%%%%%%%%%%%%%%
%%%%%%%%%%%%%%%%%%%%%%%%%%%%%%%%%%%%%%%%%%%%%%%%%%%%%%%%%%%%%%%

@ARTICLE{2017MNRAS.469..206E,
       author = {{Eklund}, Henrik and {Masset}, Fr{\'e}d{\'e}ric S.},
        title = "{Evolution of eccentricity and inclination of hot protoplanets embedded in radiative discs}",
      journal = {\mnras},
     keywords = {hydrodynamics, radiative transfer, planets and satellites: dynamical evolution and stability, planet-disc interactions, protoplanetary discs, Astrophysics - Earth and Planetary Astrophysics},
         year = 2017,
        month = jul,
       volume = {469},
       number = {1},
        pages = {206-217},
          doi = {10.1093/mnras/stx856},
archivePrefix = {arXiv},
       eprint = {1704.01931},
 primaryClass = {astro-ph.EP},
       adsurl = {https://ui.adsabs.harvard.edu/abs/2017MNRAS.469..206E},
      adsnote = {Provided by the SAO/NASA Astrophysics Data System}
}




%%%%%%%%%%%%%%%%%%%%%%%%%%%%%%%%%%%%%%%%%%%%%%%%%%%%%%%%%%%%%%%
%%%%%%%%%%%%%%%%%%%%%      F.   %%%%%%%%%%%%%%%%%%%%%%%%%%%%%%%
%%%%%%%%%%%%%%%%%%%%%%%%%%%%%%%%%%%%%%%%%%%%%%%%%%%%%%%%%%%%%%%

@ARTICLE{2012ApJ...761...92F,
       author = {{Fang}, Julia and {Margot}, Jean-Luc},
        title = "{Architecture of Planetary Systems Based on Kepler Data: Number of Planets and Coplanarity}",
      journal = {\apj},
     keywords = {methods: statistical, planetary systems, planets and satellites: detection, planets and satellites: general, Astrophysics - Earth and Planetary Astrophysics},
         year = 2012,
        month = dec,
       volume = {761},
       number = {2},
          eid = {92},
        pages = {92},
          doi = {10.1088/0004-637X/761/2/92},
archivePrefix = {arXiv},
       eprint = {1207.5250},
 primaryClass = {astro-ph.EP},
       adsurl = {https://ui.adsabs.harvard.edu/abs/2012ApJ...761...92F},
      adsnote = {Provided by the SAO/NASA Astrophysics Data System}
}


@ARTICLE{2019MNRAS.485.5035F,
       author = {{Fromenteau}, S{\'e}bastien and {Masset}, Fr{\'e}d{\'e}ric S.},
        title = "{Impact of thermal effects on the evolution of eccentricity and inclination of low-mass planets}",
      journal = {\mnras},
     keywords = {hydrodynamics, radiative transfer, planets and satellites: formation, planet-disc interactions, protoplanetary discs, Astrophysics - Earth and Planetary Astrophysics, Astrophysics - Astrophysics of Galaxies, Astrophysics - High Energy Astrophysical Phenomena},
         year = 2019,
        month = jun,
       volume = {485},
       number = {4},
        pages = {5035-5049},
          doi = {10.1093/mnras/stz718},
archivePrefix = {arXiv},
       eprint = {1903.04470},
 primaryClass = {astro-ph.EP},
       adsurl = {https://ui.adsabs.harvard.edu/abs/2019MNRAS.485.5035F},
      adsnote = {Provided by the SAO/NASA Astrophysics Data System}
}





%%%%%%%%%%%%%%%%%%%%%%%%%%%%%%%%%%%%%%%%%%%%%%%%%%%%%%%%%%%%%%%
%%%%%%%%%%%%%%%%%%%%%      I.   %%%%%%%%%%%%%%%%%%%%%%%%%%%%%%%
%%%%%%%%%%%%%%%%%%%%%%%%%%%%%%%%%%%%%%%%%%%%%%%%%%%%%%%%%%%%%%%
@ARTICLE{Izidoro21,
       author = {{Izidoro}, Andr{\'e} and {Bitsch}, Bertram and {Raymond}, Sean N. and {Johansen}, Anders and {Morbidelli}, Alessandro and {Lambrechts}, Michiel and {Jacobson}, Seth A.},
        title = "{Formation of planetary systems by pebble accretion and migration. Hot super-Earth systems from breaking compact resonant chains}",
      journal = {\aap},
     keywords = {planets and satellites: formation, planets and satellites: dynamical evolution and stability, planets and satellites: detection, planets and satellites: composition, methods: numerical, planet-disk interactions, Astrophysics - Earth and Planetary Astrophysics},
         year = 2021,
        month = jun,
       volume = {650},
          eid = {A152},
        pages = {A152},
          doi = {10.1051/0004-6361/201935336},
archivePrefix = {arXiv},
       eprint = {1902.08772},
 primaryClass = {astro-ph.EP},
       adsurl = {https://ui.adsabs.harvard.edu/abs/2021A&A...650A.152I},
      adsnote = {Provided by the SAO/NASA Astrophysics Data System}
}




%%%%%%%%%%%%%%%%%%%%%%%%%%%%%%%%%%%%%%%%%%%%%%%%%%%%%%%%%%%%%%%
%%%%%%%%%%%%%%%%%%%%%      J.   %%%%%%%%%%%%%%%%%%%%%%%%%%%%%%%
%%%%%%%%%%%%%%%%%%%%%%%%%%%%%%%%%%%%%%%%%%%%%%%%%%%%%%%%%%%%%%%

@ARTICLE{2012ApJ...758...39J,
       author = {{Johansen}, Anders and {Davies}, Melvyn B. and {Church}, Ross P. and {Holmelin}, Viktor},
        title = "{Can Planetary Instability Explain the Kepler Dichotomy?}",
      journal = {\apj},
     keywords = {planets and satellites: dynamical evolution and stability, planets and satellites: formation, protoplanetary disks, Astrophysics - Earth and Planetary Astrophysics},
         year = 2012,
        month = oct,
       volume = {758},
       number = {1},
          eid = {39},
        pages = {39},
          doi = {10.1088/0004-637X/758/1/39},
archivePrefix = {arXiv},
       eprint = {1206.6898},
 primaryClass = {astro-ph.EP},
       adsurl = {https://ui.adsabs.harvard.edu/abs/2012ApJ...758...39J},
      adsnote = {Provided by the SAO/NASA Astrophysics Data System}
}

@ARTICLE{2017AREPS..45..359J,
       author = {{Johansen}, Anders and {Lambrechts}, Michiel},
        title = "{Forming Planets via Pebble Accretion}",
      journal = {Annual Review of Earth and Planetary Sciences},
         year = 2017,
        month = aug,
       volume = {45},
       number = {1},
        pages = {359-387},
          doi = {10.1146/annurev-earth-063016-020226},
       adsurl = {https://ui.adsabs.harvard.edu/abs/2017AREPS..45..359J},
      adsnote = {Provided by the SAO/NASA Astrophysics Data System}
}



%%%%%%%%%%%%%%%%%%%%%%%%%%%%%%%%%%%%%%%%%%%%%%%%%%%%%%%%%%%%%%%
%%%%%%%%%%%%%%%%%%%%%      K.   %%%%%%%%%%%%%%%%%%%%%%%%%%%%%%%
%%%%%%%%%%%%%%%%%%%%%%%%%%%%%%%%%%%%%%%%%%%%%%%%%%%%%%%%%%%%%%%
@ARTICLE{2006A&A...447..369K,
       author = {{Kley}, W. and {Dirksen}, G.},
        title = "{Disk eccentricity and embedded planets}",
      journal = {\aap},
     keywords = {Astrophysics},
         year = 2006,
        month = feb,
       volume = {447},
       number = {1},
        pages = {369-377},
          doi = {10.1051/0004-6361:20053914},
archivePrefix = {arXiv},
       eprint = {astro-ph/0510393},
 primaryClass = {astro-ph},
       adsurl = {https://ui.adsabs.harvard.edu/abs/2006A&A...447..369K},
      adsnote = {Provided by the SAO/NASA Astrophysics Data System}
}



@ARTICLE{Kruijer2017,
       author = {{Kruijer}, Thomas S. and {Burkhardt}, Christoph and {Budde}, Gerrit and {Kleine}, Thorsten},
        title = "{Age of Jupiter inferred from the distinct genetics and formation times of meteorites}",
      journal = {Proceedings of the National Academy of Science},
     keywords = {Jupiter, giant planet formation, nucleosynthetic isotope anomalies, Hf-W chronometry, solar nebula},
         year = 2017,
        month = jun,
       volume = {114},
       number = {26},
        pages = {6712-6716},
          doi = {10.1073/pnas.1704461114},
       adsurl = {https://ui.adsabs.harvard.edu/abs/2017PNAS..114.6712K},
      adsnote = {Provided by the SAO/NASA Astrophysics Data System}
}


@ARTICLE{Kley04,
       author = {{Kley}, W. and {Peitz}, J. and {Bryden}, G.},
        title = "{Evolution of planetary systems in resonance}",
      journal = {\aap},
     keywords = {accretion, accretion disks, planets and satellites: formation, hydrodynamics, celestial mechanics, Astrophysics},
         year = 2004,
        month = feb,
       volume = {414},
        pages = {735-747},
          doi = {10.1051/0004-6361:20031589},
archivePrefix = {arXiv},
       eprint = {astro-ph/0310321},
 primaryClass = {astro-ph},
       adsurl = {https://ui-adsabs-harvard-edu.insu.bib.cnrs.fr/abs/2004A&A...414..735K},
      adsnote = {Provided by the SAO/NASA Astrophysics Data System}
}




%%%%%%%%%%%%%%%%%%%%%%%%%%%%%%%%%%%%%%%%%%%%%%%%%%%%%%%%%%%%%%%
%%%%%%%%%%%%%%%%%%%%%      L.   %%%%%%%%%%%%%%%%%%%%%%%%%%%%%%%
%%%%%%%%%%%%%%%%%%%%%%%%%%%%%%%%%%%%%%%%%%%%%%%%%%%%%%%%%%%%%%%
@ARTICLE{2014A&A...572A.107L,
       author = {{Lambrechts}, M. and {Johansen}, A.},
        title = "{Forming the cores of giant planets from the radial pebble flux in protoplanetary discs}",
      journal = {\aap},
     keywords = {planets and satellites: formation, planets and satellites: gaseous planets, planets and satellites: composition, planets and satellites: interiors, protoplanetary disks, Astrophysics - Earth and Planetary Astrophysics},
         year = 2014,
        month = dec,
       volume = {572},
          eid = {A107},
        pages = {A107},
          doi = {10.1051/0004-6361/201424343},
archivePrefix = {arXiv},
       eprint = {1408.6094},
 primaryClass = {astro-ph.EP},
       adsurl = {https://ui.adsabs.harvard.edu/abs/2014A&A...572A.107L},
      adsnote = {Provided by the SAO/NASA Astrophysics Data System}
}


@ARTICLE{Lambrechts_etal2014,
       author = {{Lambrechts}, M. and {Johansen}, A. and {Morbidelli}, A.},
        title = "{Separating gas-giant and ice-giant planets by halting pebble accretion}",
      journal = {\aap},
     keywords = {planets and satellites: formation, planets and satellites: gaseous planets, planets and satellites: composition, planets and satellites: interiors, protoplanetary disks, Astrophysics - Earth and Planetary Astrophysics},
         year = 2014,
        month = dec,
       volume = {572},
          eid = {A35},
        pages = {A35},
          doi = {10.1051/0004-6361/201423814},
archivePrefix = {arXiv},
       eprint = {1408.6087},
 primaryClass = {astro-ph.EP},
       adsurl = {https://ui.adsabs.harvard.edu/abs/2014A&A...572A..35L},
      adsnote = {Provided by the SAO/NASA Astrophysics Data System}
}

@ARTICLE{2019A&A...627A..83L,
       author = {{Lambrechts}, Michiel and {Morbidelli}, Alessandro and {Jacobson}, Seth A. and {Johansen}, Anders and {Bitsch}, Bertram and {Izidoro}, Andre and {Raymond}, Sean N.},
        title = "{Formation of planetary systems by pebble accretion and migration. How the radial pebble flux determines a terrestrial-planet or super-Earth growth mode}",
      journal = {\aap},
     keywords = {planets and satellites: formation, planets and satellites: dynamical evolution and stability, protoplanetary discs, planets and satellites: composition, planets and satellites: terrestrial planets, Astrophysics - Earth and Planetary Astrophysics},
         year = 2019,
        month = jul,
       volume = {627},
          eid = {A83},
        pages = {A83},
          doi = {10.1051/0004-6361/201834229},
archivePrefix = {arXiv},
       eprint = {1902.08694},
 primaryClass = {astro-ph.EP},
       adsurl = {https://ui.adsabs.harvard.edu/abs/2019A&A...627A..83L},
      adsnote = {Provided by the SAO/NASA Astrophysics Data System}
}




@ARTICLE{2011ApJS..197....8L,
       author = {{Lissauer}, Jack J. and {Ragozzine}, Darin and {Fabrycky}, Daniel C. and {Steffen}, Jason H. and {Ford}, Eric B. and {Jenkins}, Jon M. and {Shporer}, Avi and {Holman}, Matthew J. and {Rowe}, Jason F. and {Quintana}, Elisa V. and {Batalha}, Natalie M. and {Borucki}, William J. and {Bryson}, Stephen T. and {Caldwell}, Douglas A. and {Carter}, Joshua A. and {Ciardi}, David and {Dunham}, Edward W. and {Fortney}, Jonathan J. and {Gautier}, Thomas N., III and {Howell}, Steve B. and {Koch}, David G. and {Latham}, David W. and {Marcy}, Geoffrey W. and {Morehead}, Robert C. and {Sasselov}, Dimitar},
        title = "{Architecture and Dynamics of Kepler's Candidate Multiple Transiting Planet Systems}",
      journal = {\apjs},
     keywords = {celestial mechanics, planets and satellites: dynamical evolution and stability, planets and satellites: fundamental parameters, planets and satellites: general, planetary systems, Astrophysics - Earth and Planetary Astrophysics},
         year = 2011,
        month = nov,
       volume = {197},
       number = {1},
          eid = {8},
        pages = {8},
          doi = {10.1088/0067-0049/197/1/8},
archivePrefix = {arXiv},
       eprint = {1102.0543},
 primaryClass = {astro-ph.EP},
       adsurl = {https://ui.adsabs.harvard.edu/abs/2011ApJS..197....8L},
      adsnote = {Provided by the SAO/NASA Astrophysics Data System}
}




@ARTICLE{LO2018,
       author = {{Liu}, Beibei and {Ormel}, Chris W.},
        title = "{Catching drifting pebbles. I. Enhanced pebble accretion efficiencies for eccentric planets}",
      journal = {\aap},
     keywords = {methods: numerical, planets and satellites: formation, Astrophysics - Earth and Planetary Astrophysics},
         year = 2018,
        month = jul,
       volume = {615},
          eid = {A138},
        pages = {A138},
          doi = {10.1051/0004-6361/201732307},
archivePrefix = {arXiv},
       eprint = {1803.06149},
 primaryClass = {astro-ph.EP},
       adsurl = {https://ui.adsabs.harvard.edu/abs/2018A&A...615A.138L},
      adsnote = {Provided by the SAO/NASA Astrophysics Data System}
}


@ARTICLE {PMID:26289203,
	Title = {Growing the gas-giant planets by the gradual accumulation of pebbles},
	Author = {Levison, Harold F and Kretke, Katherine A and Duncan, Martin J},
	DOI = {10.1038/nature14675},
	Number = {7565},
	Volume = {524},
	Month = {August},
	Year = {2015},
	Journal = {Nature},
	ISSN = {0028-0836},
	Pages = {322-324}
}



%%%%%%%%%%%%%%%%%%%%%%%%%%%%%%%%%%%%%%%%%%%%%%%%%%%%%%%%%%%%%%%
%%%%%%%%%%%%%%%%%%%%%      M.   %%%%%%%%%%%%%%%%%%%%%%%%%%%%%%%
%%%%%%%%%%%%%%%%%%%%%%%%%%%%%%%%%%%%%%%%%%%%%%%%%%%%%%%%%%%%%%%

@ARTICLE{Masset2000,
       author = {{Masset}, F.},
        title = "{FARGO: A fast eulerian transport algorithm for differentially rotating disks}",
      journal = {\aaps},
     keywords = {ACCRETION, ACCRETION DISKS, HYDRODYNAMICS, METHODS: NUMERICAL, Astrophysics},
         year = 2000,
        month = jan,
       volume = {141},
        pages = {165-173},
          doi = {10.1051/aas:2000116},
archivePrefix = {arXiv},
       eprint = {astro-ph/9910390},
 primaryClass = {astro-ph},
       adsurl = {https://ui.adsabs.harvard.edu/abs/2000A&AS..141..165M},
      adsnote = {Provided by the SAO/NASA Astrophysics Data System}
}



@ARTICLE{2002A&A...387..605M,
       author = {{Masset}, F.~S.},
        title = "{The co-orbital corotation torque in a viscous disk: Numerical simulations}",
      journal = {\aap},
     keywords = {stars: planetary systems: formation, stars: planetary systems: protoplanetary disks, stars: planetary systems, hydrodynamics, methods: numerical, Astrophysics},
         year = 2002,
        month = may,
       volume = {387},
        pages = {605-623},
          doi = {10.1051/0004-6361:20020240},
archivePrefix = {arXiv},
       eprint = {astro-ph/0205211},
 primaryClass = {astro-ph},
       adsurl = {https://ui.adsabs.harvard.edu/abs/2002A&A...387..605M},
      adsnote = {Provided by the SAO/NASA Astrophysics Data System}
}






@ARTICLE{2021A&A...650A.116M,
       author = {{Matsumura}, Soko and {Brasser}, Ramon and {Ida}, Shigeru},
        title = "{N-body simulations of planet formation via pebble accretion. II. How various giant planets form}",
      journal = {\aap},
     keywords = {planets and satellites: general, planets and satellites: formation, protoplanetary disks, methods: numerical, Astrophysics - Earth and Planetary Astrophysics},
         year = 2021,
        month = jun,
       volume = {650},
          eid = {A116},
        pages = {A116},
          doi = {10.1051/0004-6361/202039210},
archivePrefix = {arXiv},
       eprint = {2104.07271},
 primaryClass = {astro-ph.EP},
       adsurl = {https://ui.adsabs.harvard.edu/abs/2021A&A...650A.116M},
      adsnote = {Provided by the SAO/NASA Astrophysics Data System}
}


@ARTICLE{2011arXiv1109.2497M,
       author = {{Mayor}, M. and {Marmier}, M. and {Lovis}, C. and {Udry}, S. and {S{\'e}gransan}, D. and {Pepe}, F. and {Benz}, W. and {Bertaux}, J. -L. and {Bouchy}, F. and {Dumusque}, X. and {Lo Curto}, G. and {Mordasini}, C. and {Queloz}, D. and {Santos}, N.~C.},
        title = "{The HARPS search for southern extra-solar planets XXXIV. Occurrence, mass distribution and orbital properties of super-Earths and Neptune-mass planets}",
      journal = {arXiv e-prints},
     keywords = {Astrophysics - Earth and Planetary Astrophysics, Astrophysics - Solar and Stellar Astrophysics},
         year = 2011,
        month = sep,
          eid = {arXiv:1109.2497},
        pages = {arXiv:1109.2497},
archivePrefix = {arXiv},
       eprint = {1109.2497},
 primaryClass = {astro-ph.EP},
       adsurl = {https://ui.adsabs.harvard.edu/abs/2011arXiv1109.2497M},
      adsnote = {Provided by the SAO/NASA Astrophysics Data System}
}




@ARTICLE{2012A&A...541A.123M,
       author = {{M{\"u}ller}, T.~W.~A. and {Kley}, W. and {Meru}, F.},
        title = "{Treating gravity in thin-disk simulations}",
      journal = {\aap},
     keywords = {accretion, accretion disks, planets and satellites: formation, hydrodynamics, methods: numerical, protoplanetary disks, Astrophysics - Earth and Planetary Astrophysics},
         year = 2012,
        month = may,
       volume = {541},
          eid = {A123},
        pages = {A123},
          doi = {10.1051/0004-6361/201118737},
archivePrefix = {arXiv},
       eprint = {1203.1413},
 primaryClass = {astro-ph.EP},
       adsurl = {https://ui.adsabs.harvard.edu/abs/2012A&A...541A.123M},
      adsnote = {Provided by the SAO/NASA Astrophysics Data System}
}

@ARTICLE{2012A&A...546A..18M,
       author = {{Morbidelli}, A. and {Nesvorny}, D.},
        title = "{Dynamics of pebbles in the vicinity of a growing planetary embryo: hydro-dynamical simulations}",
      journal = {\aap},
     keywords = {accretion, accretion disks, hydrodynamics, planets and satellites: formation, Astrophysics - Earth and Planetary Astrophysics},
         year = 2012,
        month = oct,
       volume = {546},
          eid = {A18},
        pages = {A18},
          doi = {10.1051/0004-6361/201219824},
archivePrefix = {arXiv},
       eprint = {1208.4687},
 primaryClass = {astro-ph.EP},
       adsurl = {https://ui.adsabs.harvard.edu/abs/2012A&A...546A..18M},
      adsnote = {Provided by the SAO/NASA Astrophysics Data System}
}


@ARTICLE{2019ApJ...875...37M,
       author = {{Miranda}, Ryan and {Rafikov}, Roman R.},
        title = "{Multiple Spiral Arms in Protoplanetary Disks: Linear Theory}",
      journal = {\apj},
     keywords = {hydrodynamics, planet{\textendash}disk interactions, protoplanetary disks, waves, Astrophysics - Earth and Planetary Astrophysics},
         year = 2019,
        month = apr,
       volume = {875},
       number = {1},
          eid = {37},
        pages = {37},
          doi = {10.3847/1538-4357/ab0f9e},
archivePrefix = {arXiv},
       eprint = {1811.09628},
 primaryClass = {astro-ph.EP},
       adsurl = {https://ui.adsabs.harvard.edu/abs/2019ApJ...875...37M},
      adsnote = {Provided by the SAO/NASA Astrophysics Data System}
}




%%%%%%%%%%%%%%%%%%%%%%%%%%%%%%%%%%%%%%%%%%%%%%%%%%%%%%%%%%%%%%%
%%%%%%%%%%%%%%%%%%%%%      O.   %%%%%%%%%%%%%%%%%%%%%%%%%%%%%%%
%%%%%%%%%%%%%%%%%%%%%%%%%%%%%%%%%%%%%%%%%%%%%%%%%%%%%%%%%%%%%%%

@ARTICLE{2021A&A...647A.175O,
       author = {{Ormel}, Chris W. and {Vazan}, Allona and {Brouwers}, Marc G.},
        title = "{How planets grow by pebble accretion. III. Emergence of an interior composition gradient}",
      journal = {\aap},
     keywords = {planets and satellites: formation, planets and satellites: composition, planets and satellites: physical evolution, planet-disk interactions, methods: numerical, Astrophysics - Earth and Planetary Astrophysics},
         year = 2021,
        month = mar,
       volume = {647},
          eid = {A175},
        pages = {A175},
          doi = {10.1051/0004-6361/202039706},
archivePrefix = {arXiv},
       eprint = {2010.14213},
 primaryClass = {astro-ph.EP},
       adsurl = {https://ui.adsabs.harvard.edu/abs/2021A&A...647A.175O},
      adsnote = {Provided by the SAO/NASA Astrophysics Data System}
}





@ARTICLE{2018A&A...615A.138L,
       author = {{Liu}, Beibei and {Ormel}, Chris W.},
        title = "{Catching drifting pebbles. I. Enhanced pebble accretion efficiencies for eccentric planets}",
      journal = {\aap},
     keywords = {methods: numerical, planets and satellites: formation, Astrophysics - Earth and Planetary Astrophysics},
         year = 2018,
        month = jul,
       volume = {615},
          eid = {A138},
        pages = {A138},
          doi = {10.1051/0004-6361/201732307},
archivePrefix = {arXiv},
       eprint = {1803.06149},
 primaryClass = {astro-ph.EP},
       adsurl = {https://ui.adsabs.harvard.edu/abs/2018A&A...615A.138L},
      adsnote = {Provided by the SAO/NASA Astrophysics Data System}
}




@ARTICLE{2018A&A...615A.178O,
       author = {{Ormel}, Chris W. and {Liu}, Beibei},
        title = "{Catching drifting pebbles. II. A stochastic equation of motion for pebbles}",
      journal = {\aap},
     keywords = {planets and satellites: formation, protoplanetary disks, methods: numerical, Astrophysics - Earth and Planetary Astrophysics},
         year = 2018,
        month = aug,
       volume = {615},
          eid = {A178},
        pages = {A178},
          doi = {10.1051/0004-6361/201732562},
archivePrefix = {arXiv},
       eprint = {1803.06150},
 primaryClass = {astro-ph.EP},
       adsurl = {https://ui.adsabs.harvard.edu/abs/2018A&A...615A.178O},
      adsnote = {Provided by the SAO/NASA Astrophysics Data System}
}



%%%%%%%%%%%%%%%%%%%%%%%%%%%%%%%%%%%%%%%%%%%%%%%%%%%%%%%%%%%%%%%
%%%%%%%%%%%%%%%%%%%%%      P.   %%%%%%%%%%%%%%%%%%%%%%%%%%%%%%%
%%%%%%%%%%%%%%%%%%%%%%%%%%%%%%%%%%%%%%%%%%%%%%%%%%%%%%%%%%%%%%%


@ARTICLE{2006A&A...459L..17P,
       author = {{Paardekooper}, S. -J. and {Mellema}, G.},
        title = "{Halting type I planet migration in non-isothermal disks}",
      journal = {\aap},
     keywords = {radiative transfer, hydrodynamics, methods: numerical, planets and satellites: formation, Astrophysics},
         year = 2006,
        month = nov,
       volume = {459},
       number = {1},
        pages = {L17-L20},
          doi = {10.1051/0004-6361:20066304},
archivePrefix = {arXiv},
       eprint = {astro-ph/0608658},
 primaryClass = {astro-ph},
       adsurl = {https://ui.adsabs.harvard.edu/abs/2006A&A...459L..17P},
      adsnote = {Provided by the SAO/NASA Astrophysics Data System}
}


@ARTICLE{2000MNRAS.315..823P,
       author = {{Papaloizou}, J.~C.~B. and {Larwood}, J.~D.},
        title = "{On the orbital evolution and growth of protoplanets embedded in a gaseous disc}",
      journal = {\mnras},
     keywords = {ACCRETION, ACCRETION DISCS, CELESTIAL MECHANICS, STELLAR DYNAMICS, SOLAR SYSTEM: FORMATION, STARS: FORMATION, PLANETARY SYSTEMS, Astrophysics},
         year = 2000,
        month = jul,
       volume = {315},
       number = {4},
        pages = {823-833},
          doi = {10.1046/j.1365-8711.2000.03466.x},
archivePrefix = {arXiv},
       eprint = {astro-ph/9911431},
 primaryClass = {astro-ph},
       adsurl = {https://ui.adsabs.harvard.edu/abs/2000MNRAS.315..823P},
      adsnote = {Provided by the SAO/NASA Astrophysics Data System}
}


@ARTICLE{Pierens08,
       author = {{Pierens}, A. and {Nelson}, R.~P.},
        title = "{Constraints on resonant-trapping for two planets embedded in a protoplanetary disc}",
      journal = {\aap},
     keywords = {accretion, accretion disks, planetary systems: formation, hydrodynamics, methods: numerical, Astrophysics},
         year = 2008,
        month = apr,
       volume = {482},
       number = {1},
        pages = {333-340},
          doi = {10.1051/0004-6361:20079062},
archivePrefix = {arXiv},
       eprint = {0802.2033},
 primaryClass = {astro-ph},
       adsurl = {https://ui-adsabs-harvard-edu.insu.bib.cnrs.fr/abs/2008A&A...482..333P},
      adsnote = {Provided by the SAO/NASA Astrophysics Data System}
}




@ARTICLE{2001A&A...366..263P,
       author = {{Papaloizou}, J.~C.~B. and {Nelson}, R.~P. and {Masset}, F.},
        title = "{Orbital eccentricity growth through disc-companion tidal interaction}",
      journal = {\aap},
     keywords = {ACCRETION, ACCRETION DISKS, METHODS: NUMERICAL, STARS: PLANETARY SYSTEMS},
         year = 2001,
        month = jan,
       volume = {366},
        pages = {263-275},
          doi = {10.1051/0004-6361:20000011},
       adsurl = {https://ui.adsabs.harvard.edu/abs/2001A&A...366..263P},
      adsnote = {Provided by the SAO/NASA Astrophysics Data System}
}

@ARTICLE{2002A&A...388..615P,
       author = {{Papaloizou}, J.~C.~B.},
        title = "{Global m = 1 modes and migration of protoplanetary cores in eccentric protoplanetary discs}",
      journal = {\aap},
     keywords = {planetary systems: formation, planetary systems, planetary systems: protoplanetary disks, stars: individual: Ups And, Astrophysics},
         year = 2002,
        month = jun,
       volume = {388},
        pages = {615-631},
          doi = {10.1051/0004-6361:20020490},
archivePrefix = {arXiv},
       eprint = {astro-ph/0204197},
 primaryClass = {astro-ph},
       adsurl = {https://ui.adsabs.harvard.edu/abs/2002A&A...388..615P},
      adsnote = {Provided by the SAO/NASA Astrophysics Data System}
}

%%%%%%%%%%%%%%%%%%%%%%%%%%%%%%%%%%%%%%%%%%%%%%%%%%%%%%%%%%%%%%%
%%%%%%%%%%%%%%%%%%%%%      T.   %%%%%%%%%%%%%%%%%%%%%%%%%%%%%%%
%%%%%%%%%%%%%%%%%%%%%%%%%%%%%%%%%%%%%%%%%%%%%%%%%%%%%%%%%%%%%%%
@ARTICLE{2004ApJ...602..388T,
       author = {{Tanaka}, Hidekazu and {Ward}, William R.},
        title = "{Three-dimensional Interaction between a Planet and an Isothermal Gaseous Disk. II. Eccentricity Waves and Bending Waves}",
      journal = {\apj},
     keywords = {Stars: Planetary Systems: Formation, Stars: Planetary Systems: Protoplanetary Disks, Solar System: Formation, Waves},
         year = 2004,
        month = feb,
       volume = {602},
       number = {1},
        pages = {388-395},
          doi = {10.1086/380992},
       adsurl = {https://ui.adsabs.harvard.edu/abs/2004ApJ...602..388T},
      adsnote = {Provided by the SAO/NASA Astrophysics Data System}
}



%%%%%%%%%%%%%%%%%%%%%%%%%%%%%%%%%%%%%%%%%%%%%%%%%%%%%%%%%%%%%%%
%%%%%%%%%%%%%%%%%%%%%      V.   %%%%%%%%%%%%%%%%%%%%%%%%%%%%%%%
%%%%%%%%%%%%%%%%%%%%%%%%%%%%%%%%%%%%%%%%%%%%%%%%%%%%%%%%%%%%%%%
@ARTICLE{2021MNRAS.tmp.3059R,
       author = {{Romero}, David A. Velasco and {Masset}, Fr{\'e}d{\'e}ric S. and {Teyssier}, Romain},
        title = "{Eccentricity driving of pebble accreting low-mass planets}",
      journal = {\mnras},
     keywords = {hydrodynamics, gravitation, planet-disc interactions, accretion, accretion discs, Astrophysics - Earth and Planetary Astrophysics},
         year = 2021,
        month = nov,
          doi = {10.1093/mnras/stab3334},
archivePrefix = {arXiv},
       eprint = {2111.11070},
 primaryClass = {astro-ph.EP},
       adsurl = {https://ui.adsabs.harvard.edu/abs/2021MNRAS.tmp.3059R},
      adsnote = {Provided by the SAO/NASA Astrophysics Data System}
}




%%%%%%%%%%%%%%%%%%%%%%%%%%%%%%%%%%%%%%%%%%%%%%%%%%%%%%%%%%%%%%%
%%%%%%%%%%%%%%%%%%%%%      W.   %%%%%%%%%%%%%%%%%%%%%%%%%%%%%%%
%%%%%%%%%%%%%%%%%%%%%%%%%%%%%%%%%%%%%%%%%%%%%%%%%%%%%%%%%%%%%%%


@ARTICLE{Weidenschilling1977,
       author = {{Weidenschilling}, S.~J.},
        title = "{Aerodynamics of solid bodies in the solar nebula.}",
      journal = {\mnras},
     keywords = {Aerodynamic Drag, Interplanetary Dust, Nebulae, Radial Velocity, Solids, Sun, Equations Of Motion, Fractionation, Orbital Velocity, Particle Collisions, Particle Motion, Pressure Gradients, Stellar Models, Wind Velocity, Astrophysics},
         year = 1977,
        month = jul,
       volume = {180},
        pages = {57-70},
          doi = {10.1093/mnras/180.1.57},
       adsurl = {https://ui.adsabs.harvard.edu/abs/1977MNRAS.180...57W},
      adsnote = {Provided by the SAO/NASA Astrophysics Data System}
      
}


@ARTICLE{2018ApJ...854..153W,
       author = {{Weber}, Philipp and {Ben{\'\i}tez-Llambay}, Pablo and {Gressel}, Oliver and {Krapp}, Leonardo and {Pessah}, Martin E.},
        title = "{Characterizing the Variable Dust Permeability of Planet-induced Gaps}",
      journal = {\apj},
     keywords = {accretion, accretion disks, circumstellar matter, hydrodynamics, planet{\textendash}disk interactions, planets and satellites: formation, protoplanetary disks, Astrophysics - Earth and Planetary Astrophysics},
         year = 2018,
        month = feb,
       volume = {854},
       number = {2},
          eid = {153},
        pages = {153},
          doi = {10.3847/1538-4357/aaab63},
archivePrefix = {arXiv},
       eprint = {1801.07971},
 primaryClass = {astro-ph.EP},
       adsurl = {https://ui.adsabs.harvard.edu/abs/2018ApJ...854..153W},
      adsnote = {Provided by the SAO/NASA Astrophysics Data System}
}


@ARTICLE{2019ApJ...874...91W,
       author = {{Wu}, Yanqin},
        title = "{Mass and Mass Scalings of Super-Earths}",
      journal = {\apj},
     keywords = {planetary systems, planet{\textendash}disk interactions, protoplanetary disks, Astrophysics - Earth and Planetary Astrophysics},
         year = 2019,
        month = mar,
       volume = {874},
       number = {1},
          eid = {91},
        pages = {91},
          doi = {10.3847/1538-4357/ab06f8},
archivePrefix = {arXiv},
       eprint = {1806.04693},
 primaryClass = {astro-ph.EP},
       adsurl = {https://ui.adsabs.harvard.edu/abs/2019ApJ...874...91W},
      adsnote = {Provided by the SAO/NASA Astrophysics Data System}
}


%%%%%%%%%%%%%%%%%%%%%%%%%%%%%%%%%%%%%%%%%%%%%%%%%%%%%%%%%%%%%%%
%%%%%%%%%%%%%%%%%%%%%      X.   %%%%%%%%%%%%%%%%%%%%%%%%%%%%%%%
%%%%%%%%%%%%%%%%%%%%%%%%%%%%%%%%%%%%%%%%%%%%%%%%%%%%%%%%%%%%%%%

@ARTICLE{2016PNAS..11311431X,
       author = {{Xie}, Ji-Wei and {Dong}, Subo and {Zhu}, Zhaohuan and {Huber}, Daniel and {Zheng}, Zheng and {De Cat}, Peter and {Fu}, Jianning and {Liu}, Hui-Gen and {Luo}, Ali and {Wu}, Yue and {Zhang}, Haotong and {Zhang}, Hui and {Zhou}, Ji-Lin and {Cao}, Zihuang and {Hou}, Yonghui and {Wang}, Yuefei and {Zhang}, Yong},
        title = "{Exoplanet orbital eccentricities derived from LAMOST-Kepler analysis}",
      journal = {Proceedings of the National Academy of Science},
     keywords = {orbital eccentricities, exoplanets, transit, solar system, planetary dynamics, Astrophysics - Earth and Planetary Astrophysics},
         year = 2016,
        month = oct,
       volume = {113},
       number = {41},
        pages = {11431-11435},
          doi = {10.1073/pnas.1604692113},
archivePrefix = {arXiv},
       eprint = {1609.08633},
 primaryClass = {astro-ph.EP},
       adsurl = {https://ui.adsabs.harvard.edu/abs/2016PNAS..11311431X},
      adsnote = {Provided by the SAO/NASA Astrophysics Data System}
}



%%%%%%%%%%%%%%%%%%%%%%%%%%%%%%%%%%%%%%%%%%%%%%%%%%%%%%%%%%%%%%%
%%%%%%%%%%%%%%%%%%%%%      Y.   %%%%%%%%%%%%%%%%%%%%%%%%%%%%%%%
%%%%%%%%%%%%%%%%%%%%%%%%%%%%%%%%%%%%%%%%%%%%%%%%%%%%%%%%%%%%%%%

@ARTICLE{YL2007,
       author = {{Youdin}, Andrew N. and {Lithwick}, Yoram},
        title = "{Particle stirring in turbulent gas disks: Including orbital oscillations}",
      journal = {\icarus},
     keywords = {Astrophysics},
         year = 2007,
        month = dec,
       volume = {192},
       number = {2},
        pages = {588-604},
          doi = {10.1016/j.icarus.2007.07.012},
archivePrefix = {arXiv},
       eprint = {0707.2975},
 primaryClass = {astro-ph},
       adsurl = {https://ui.adsabs.harvard.edu/abs/2007Icar..192..588Y},
      adsnote = {Provided by the SAO/NASA Astrophysics Data System}
}

%%%%%%%%%%%%%%%%%%%%%%%%%%%%%%%%%%%%%%%%%%%%%%%%%%%%%%%%%%%%%%%
%%%%%%%%%%%%%%%%%%%%%      Z.   %%%%%%%%%%%%%%%%%%%%%%%%%%%%%%%
%%%%%%%%%%%%%%%%%%%%%%%%%%%%%%%%%%%%%%%%%%%%%%%%%%%%%%%%%%%%%%%

@ARTICLE{2018ApJ...860..101Z,
       author = {{Zhu}, Wei and {Petrovich}, Cristobal and {Wu}, Yanqin and {Dong}, Subo and {Xie}, Jiwei},
        title = "{About 30\% of Sun-like Stars Have Kepler-like Planetary Systems: A Study of Their Intrinsic Architecture}",
      journal = {\apj},
     keywords = {methods: statistical, planetary systems, planets and satellites: general, Astrophysics - Earth and Planetary Astrophysics},
         year = 2018,
        month = jun,
       volume = {860},
       number = {2},
          eid = {101},
        pages = {101},
          doi = {10.3847/1538-4357/aac6d5},
archivePrefix = {arXiv},
       eprint = {1802.09526},
 primaryClass = {astro-ph.EP},
       adsurl = {https://ui.adsabs.harvard.edu/abs/2018ApJ...860..101Z},
      adsnote = {Provided by the SAO/NASA Astrophysics Data System}
}

@ARTICLE{Zhang2018,
       author = {{Zhang}, Shangjia and {Zhu}, Zhaohuan and {Huang}, Jane and {Guzm{\'a}n}, Viviana V. and {Andrews}, Sean M. and {Birnstiel}, Tilman and {Dullemond}, Cornelis P. and {Carpenter}, John M. and {Isella}, Andrea and {P{\'e}rez}, Laura M. and {Benisty}, Myriam and {Wilner}, David J. and {Baruteau}, Cl{\'e}ment and {Bai}, Xue-Ning and {Ricci}, Luca},
        title = "{The Disk Substructures at High Angular Resolution Project (DSHARP). VII. The Planet-Disk Interactions Interpretation}",
      journal = {\apjl},
     keywords = {hydrodynamics, planet{\textendash}disk interactions, planets and satellites: detection, planets and satellites: formation, protoplanetary disks, submillimeter: planetary systems, Astrophysics - Earth and Planetary Astrophysics, Astrophysics - Solar and Stellar Astrophysics},
         year = 2018,
        month = dec,
       volume = {869},
       number = {2},
          eid = {L47},
        pages = {L47},
          doi = {10.3847/2041-8213/aaf744},
archivePrefix = {arXiv},
       eprint = {1812.04045},
 primaryClass = {astro-ph.EP},
       adsurl = {https://ui.adsabs.harvard.edu/abs/2018ApJ...869L..47Z},
      adsnote = {Provided by the SAO/NASA Astrophysics Data System}
}


@ARTICLE{2021arXiv211203311Z,
       author = {{Zhu}, Zhaohuan and {Zhang}, Raymond M.},
        title = "{A Simple Time-Dependent Method for Calculating Spirals: Applications to Eccentric Planets in Protoplanetary discs}",
      journal = {arXiv e-prints},
     keywords = {Astrophysics - Earth and Planetary Astrophysics, Astrophysics - Instrumentation and Methods for Astrophysics},
         year = 2021,
        month = dec,
          eid = {arXiv:2112.03311},
        pages = {arXiv:2112.03311},
archivePrefix = {arXiv},
       eprint = {2112.03311},
 primaryClass = {astro-ph.EP},
       adsurl = {https://ui.adsabs.harvard.edu/abs/2021arXiv211203311Z},
      adsnote = {Provided by the SAO/NASA Astrophysics Data System}
}

